window_start,asset,direction,min_ask,min_ask_time,max_ask,max_ask_time,first_below_04,last_below_04,first_back_above_045,retry_count
"2026/01/15 00:45","ETH","Up","0.32","2026/01/15 00:48:01","0.61","2026/01/15 00:48:15","2026/01/15 00:46:53","2026/01/15 00:54:59","2026/01/15 00:48:15","0"
"2026/01/15 00:45","ETH","Down","0.4","2026/01/15 00:48:15","0.96","2026/01/15 00:54:09","2026/01/15 00:48:15","2026/01/15 00:48:19","2026/01/15 00:48:35","0"
"2026/01/15 00:45","BTC","Up","0.36","2026/01/15 00:47:08","0.72","2026/01/15 00:48:16","2026/01/15 00:45:39","2026/01/15 00:54:59","2026/01/15 00:46:05","0"
"2026/01/15 00:45","BTC","Down","0.29","2026/01/15 00:48:16","0.8","2026/01/15 00:53:10","2026/01/15 00:48:14","2026/01/15 00:49:05","2026/01/15 00:49:10","0"
"2026/01/15 00:45","XRP","Up","0.42","2026/01/15 00:45:40","0.77","2026/01/15 00:48:18","2026/01/15 00:51:43","2026/01/15 00:54:59","2026/01/15 00:52:09","0"
"2026/01/15 00:45","XRP","Down","0.24","2026/01/15 00:48:18","0.67","2026/01/15 00:51:50","2026/01/15 00:48:18","2026/01/15 00:52:40","2026/01/15 00:50:06","0"
"2026/01/15 00:45","SOL","Up","0.45","2026/01/15 00:45:44","0.71","2026/01/15 00:48:26","2026/01/15 00:53:50","2026/01/15 00:54:49","","0"
"2026/01/15 00:45","SOL","Down","0.3","2026/01/15 00:48:36","0.66","2026/01/15 00:54:00","2026/01/15 00:48:19","2026/01/15 00:49:50","2026/01/15 00:49:56","0"
"2026/01/15 01:00","SOL","Up","0.38","2026/01/15 01:02:42","0.64","2026/01/15 01:09:34","2026/01/15 01:02:07","2026/01/15 01:06:00","2026/01/15 01:03:34","0"
"2026/01/15 01:00","SOL","Down","0.46","2026/01/15 01:04:58","0.65","2026/01/15 01:02:28","2026/01/15 01:09:11","2026/01/15 01:09:59","","0"
"2026/01/15 01:00","BTC","Up","0.43","2026/01/15 01:02:28","0.96","2026/01/15 01:09:47","","","","0"
"2026/01/15 01:00","BTC","Down","0.25","2026/01/15 01:04:58","0.58","2026/01/15 01:02:28","2026/01/15 01:03:11","2026/01/15 01:09:59","","0"
"2026/01/15 01:00","ETH","Up","0.35","2026/01/15 01:01:16","0.7","2026/01/15 01:09:57","2026/01/15 01:01:12","2026/01/15 01:02:32","2026/01/15 01:02:32","0"
"2026/01/15 01:00","ETH","Down","0.4","2026/01/15 01:04:26","0.66","2026/01/15 01:01:16","2026/01/15 01:04:26","2026/01/15 01:09:59","2026/01/15 01:05:11","0"
"2026/01/15 01:00","XRP","Up","0.47","2026/01/15 01:00:51","0.72","2026/01/15 01:06:40","","","","0"
"2026/01/15 01:00","XRP","Down","0.34","2026/01/15 01:04:59","0.54","2026/01/15 01:00:50","2026/01/15 01:03:12","2026/01/15 01:09:59","2026/01/15 01:05:12","0"
"2026/01/15 01:15","BTC","Up","0.31","2026/01/15 01:19:02","0.63","2026/01/15 01:18:38","2026/01/15 01:18:43","2026/01/15 01:24:59","2026/01/15 01:19:45","0"
"2026/01/15 01:15","BTC","Down","0.38","2026/01/15 01:18:38","0.7","2026/01/15 01:19:01","2026/01/15 01:18:33","2026/01/15 01:18:43","2026/01/15 01:18:43","0"
"2026/01/15 01:15","SOL","Up","0.36","2026/01/15 01:17:42","0.59","2026/01/15 01:20:45","2026/01/15 01:17:09","2026/01/15 01:24:59","2026/01/15 01:18:23","0"
"2026/01/15 01:15","SOL","Down","0.47","2026/01/15 01:19:57","0.73","2026/01/15 01:23:06","","","","0"
"2026/01/15 01:15","ETH","Up","0.35","2026/01/15 01:19:04","0.53","2026/01/15 01:21:01","2026/01/15 01:17:35","2026/01/15 01:24:59","2026/01/15 01:18:24","0"
"2026/01/15 01:15","ETH","Down","0.5","2026/01/15 01:15:36","0.8","2026/01/15 01:24:56","","","","0"
"2026/01/15 01:15","XRP","Up","0.22","2026/01/15 01:19:06","0.51","2026/01/15 01:13:39","2026/01/15 01:15:58","2026/01/15 01:24:59","2026/01/15 01:18:29","0"
"2026/01/15 01:15","XRP","Down","0.5","2026/01/15 01:13:39","0.93","2026/01/15 01:24:50","","","","0"
"2026/01/15 01:30","BTC","Up","0.07","2026/01/15 01:34:44","0.49","2026/01/15 01:29:30","2026/01/15 01:30:19","2026/01/15 01:39:59","","0"
"2026/01/15 01:30","BTC","Down","0.52","2026/01/15 01:29:42","0.999","2026/01/15 01:39:29","","","","0"
"2026/01/15 01:30","ETH","Up","0.05","2026/01/15 01:34:45","0.48","2026/01/15 01:23:10","2026/01/15 01:30:15","2026/01/15 01:39:59","","0"
"2026/01/15 01:30","ETH","Down","0.53","2026/01/15 01:23:10","0.99","2026/01/15 01:37:11","","","","0"
"2026/01/15 01:30","SOL","Up","0.17","2026/01/15 01:34:45","0.51","2026/01/15 01:24:53","2026/01/15 01:30:16","2026/01/15 01:39:59","","0"
"2026/01/15 01:30","SOL","Down","0.5","2026/01/15 01:24:53","0.99","2026/01/15 01:38:55","","","","0"
"2026/01/15 01:30","XRP","Up","0.09","2026/01/15 01:34:45","0.51","2026/01/15 01:25:48","2026/01/15 01:30:13","2026/01/15 01:39:59","","0"
"2026/01/15 01:30","XRP","Down","0.5","2026/01/15 01:25:48","0.98","2026/01/15 01:39:17","","","","0"
"2026/01/15 01:45","BTC","Up","0.47","2026/01/15 01:45:18","0.86","2026/01/15 01:49:50","2026/01/15 01:51:35","2026/01/15 01:54:59","","0"
"2026/01/15 01:45","BTC","Down","0.15","2026/01/15 01:49:51","0.94","2026/01/15 01:54:56","2026/01/15 01:46:48","2026/01/15 01:51:09","2026/01/15 01:51:27","0"
"2026/01/15 01:45","ETH","Up","0.49","2026/01/15 01:45:20","0.85","2026/01/15 01:50:08","2026/01/15 01:51:27","2026/01/15 01:54:59","","0"
"2026/01/15 01:45","ETH","Down","0.18","2026/01/15 01:49:51","0.95","2026/01/15 01:54:52","2026/01/15 01:47:04","2026/01/15 01:51:20","2026/01/15 01:51:27","0"
"2026/01/15 01:45","SOL","Up","0.44","2026/01/15 01:45:25","0.73","2026/01/15 01:49:07","2026/01/15 01:51:16","2026/01/15 01:54:59","","0"
"2026/01/15 01:45","SOL","Down","0.28","2026/01/15 01:49:07","0.96","2026/01/15 01:54:56","2026/01/15 01:47:28","2026/01/15 01:50:40","2026/01/15 01:50:51","0"
"2026/01/15 01:45","XRP","Up","0.46","2026/01/15 01:45:25","0.84","2026/01/15 01:48:45","2026/01/15 01:51:38","2026/01/15 01:54:59","","0"
"2026/01/15 01:45","XRP","Down","0.17","2026/01/15 01:48:51","0.97","2026/01/15 01:54:24","2026/01/15 01:47:08","2026/01/15 01:51:07","2026/01/15 01:51:17","0"
"2026/01/15 02:00","SOL","Up","0.43","2026/01/15 02:01:34","0.97","2026/01/15 02:08:06","","","","0"
"2026/01/15 02:00","SOL","Down","0.26","2026/01/15 02:03:18","0.58","2026/01/15 02:01:31","2026/01/15 02:02:47","2026/01/15 02:09:59","","0"
"2026/01/15 02:00","BTC","Up","0.38","2026/01/15 02:01:35","0.79","2026/01/15 02:07:26","2026/01/15 02:01:25","2026/01/15 02:02:15","2026/01/15 02:01:45","0"
"2026/01/15 02:00","BTC","Down","0.33","2026/01/15 02:03:14","0.65","2026/01/15 02:04:16","2026/01/15 02:03:01","2026/01/15 02:09:59","2026/01/15 02:03:53","0"
"2026/01/15 02:00","ETH","Up","0.38","2026/01/15 02:02:12","0.89","2026/01/15 02:09:34","2026/01/15 02:01:41","2026/01/15 02:02:18","2026/01/15 02:01:43","0"
"2026/01/15 02:00","ETH","Down","0.38","2026/01/15 02:03:16","0.63","2026/01/15 02:02:12","2026/01/15 02:03:11","2026/01/15 02:09:59","2026/01/15 02:03:43","0"
"2026/01/15 02:00","XRP","Up","0.35","2026/01/15 02:02:15","0.89","2026/01/15 02:07:08","2026/01/15 02:00:30","2026/01/15 02:02:23","2026/01/15 02:01:44","0"
"2026/01/15 02:00","XRP","Down","0.34","2026/01/15 02:04:50","0.66","2026/01/15 02:02:15","2026/01/15 02:03:08","2026/01/15 02:09:59","2026/01/15 02:04:04","0"
"2026/01/15 02:15","BTC","Up","0.39","2026/01/15 02:18:13","0.94","2026/01/15 02:24:49","2026/01/15 02:16:16","2026/01/15 02:18:17","2026/01/15 02:16:28","0"
"2026/01/15 02:15","BTC","Down","0.32","2026/01/15 02:19:59","0.62","2026/01/15 02:18:13","2026/01/15 02:18:17","2026/01/15 02:24:59","","0"
"2026/01/15 02:15","XRP","Up","0.22","2026/01/15 02:17:32","0.85","2026/01/15 02:24:40","2026/01/15 02:15:46","2026/01/15 02:21:12","2026/01/15 02:21:16","0"
"2026/01/15 02:15","XRP","Down","0.48","2026/01/15 02:15:23","0.82","2026/01/15 02:18:08","2026/01/15 02:21:40","2026/01/15 02:24:59","2026/01/15 02:23:20","0"
"2026/01/15 02:15","ETH","Up","0.21","2026/01/15 02:18:15","0.79","2026/01/15 02:24:48","2026/01/15 02:15:52","2026/01/15 02:24:37","2026/01/15 02:18:20","0"
"2026/01/15 02:15","ETH","Down","0.43","2026/01/15 02:15:28","0.8","2026/01/15 02:18:14","2026/01/15 02:24:37","2026/01/15 02:24:59","","0"
"2026/01/15 02:15","SOL","Up","0.24","2026/01/15 02:18:14","0.89","2026/01/15 02:24:47","2026/01/15 02:15:49","2026/01/15 02:18:17","2026/01/15 02:18:17","0"
"2026/01/15 02:15","SOL","Down","0.41","2026/01/15 02:19:30","0.82","2026/01/15 02:18:14","2026/01/15 02:20:04","2026/01/15 02:24:59","2026/01/15 02:20:29","0"
"2026/01/15 02:30","ETH","Up","0.04","2026/01/15 02:34:29","0.66","2026/01/15 02:30:40","2026/01/15 02:31:40","2026/01/15 02:39:59","","0"
"2026/01/15 02:30","ETH","Down","0.36","2026/01/15 02:30:39","0.999","2026/01/15 02:39:55","2026/01/15 02:30:25","2026/01/15 02:30:51","2026/01/15 02:30:29","0"
"2026/01/15 02:30","BTC","Up","0.04","2026/01/15 02:34:41","0.64","2026/01/15 02:30:43","2026/01/15 02:31:49","2026/01/15 02:39:59","","0"
"2026/01/15 02:30","BTC","Down","0.37","2026/01/15 02:30:43","0.999","2026/01/15 02:38:09","2026/01/15 02:30:39","2026/01/15 02:30:51","2026/01/15 02:30:57","0"
"2026/01/15 02:30","SOL","Up","0.04","2026/01/15 02:34:35","0.66","2026/01/15 02:30:36","2026/01/15 02:32:05","2026/01/15 02:39:59","","0"
"2026/01/15 02:30","SOL","Down","0.35","2026/01/15 02:30:39","0.99","2026/01/15 02:36:36","2026/01/15 02:30:36","2026/01/15 02:30:55","2026/01/15 02:31:05","0"
"2026/01/15 02:30","XRP","Up","0.04","2026/01/15 02:34:12","0.61","2026/01/15 02:30:40","2026/01/15 02:31:13","2026/01/15 02:39:59","","0"
"2026/01/15 02:30","XRP","Down","0.42","2026/01/15 02:30:40","0.99","2026/01/15 02:35:52","","","","0"
"2026/01/15 02:45","ETH","Up","0.39","2026/01/15 02:45:37","0.99","2026/01/15 02:54:53","2026/01/15 02:45:37","2026/01/15 02:46:17","2026/01/15 02:46:19","0"
"2026/01/15 02:45","ETH","Down","0.29","2026/01/15 02:49:58","0.62","2026/01/15 02:45:37","2026/01/15 02:47:05","2026/01/15 02:54:59","","0"
"2026/01/15 02:45","BTC","Up","0.38","2026/01/15 02:45:56","0.99","2026/01/15 02:53:04","2026/01/15 02:45:53","2026/01/15 02:46:00","2026/01/15 02:46:20","0"
"2026/01/15 02:45","BTC","Down","0.12","2026/01/15 02:49:59","0.63","2026/01/15 02:45:56","2026/01/15 02:46:59","2026/01/15 02:54:59","","0"
"2026/01/15 02:45","XRP","Up","0.4","2026/01/15 02:45:50","0.98","2026/01/15 02:54:16","2026/01/15 02:45:50","2026/01/15 02:46:19","2026/01/15 02:46:27","0"
"2026/01/15 02:45","XRP","Down","0.28","2026/01/15 02:48:09","0.61","2026/01/15 02:45:50","2026/01/15 02:47:00","2026/01/15 02:54:59","","0"
"2026/01/15 02:45","SOL","Up","0.3","2026/01/15 02:45:40","0.97","2026/01/15 02:53:47","2026/01/15 02:45:12","2026/01/15 02:46:53","2026/01/15 02:46:38","0"
"2026/01/15 02:45","SOL","Down","0.32","2026/01/15 02:48:15","0.72","2026/01/15 02:45:49","2026/01/15 02:48:10","2026/01/15 02:54:59","2026/01/15 02:49:28","0"
"2026/01/15 03:00","XRP","Up","0.28","2026/01/15 03:03:07","0.53","2026/01/15 02:48:09","2026/01/15 03:00:53","2026/01/15 03:08:51","2026/01/15 03:01:38","0"
"2026/01/15 03:00","XRP","Down","0.5","2026/01/15 02:48:09","0.73","2026/01/15 03:03:07","","","","0"
"2026/01/15 03:00","BTC","Up","0.29","2026/01/15 03:04:37","0.58","2026/01/15 03:09:13","2026/01/15 03:00:35","2026/01/15 03:08:48","2026/01/15 03:05:05","0"
"2026/01/15 03:00","BTC","Down","0.48","2026/01/15 02:48:47","0.72","2026/01/15 03:04:35","","","","0"
"2026/01/15 03:00","SOL","Up","0.35","2026/01/15 03:02:28","0.71","2026/01/15 03:09:56","2026/01/15 03:00:44","2026/01/15 03:06:25","2026/01/15 03:01:38","0"
"2026/01/15 03:00","SOL","Down","0.51","2026/01/15 02:51:31","0.68","2026/01/15 03:02:54","2026/01/15 03:08:52","2026/01/15 03:09:58","","0"
"2026/01/15 03:00","ETH","Up","0.23","2026/01/15 03:02:54","0.73","2026/01/15 03:09:28","2026/01/15 03:00:34","2026/01/15 03:05:05","2026/01/15 03:05:05","0"
"2026/01/15 03:00","ETH","Down","0.51","2026/01/15 02:51:48","0.78","2026/01/15 03:02:54","2026/01/15 03:08:45","2026/01/15 03:09:58","","0"
"2026/01/15 03:15","BTC","Up","0.46","2026/01/15 03:15:44","0.98","2026/01/15 03:24:33","","","","0"
"2026/01/15 03:15","BTC","Down","0.29","2026/01/15 03:17:17","0.55","2026/01/15 03:15:44","2026/01/15 03:16:54","2026/01/15 03:24:59","2026/01/15 03:18:11","0"
"2026/01/15 03:15","XRP","Up","0.48","2026/01/15 03:15:26","0.92","2026/01/15 03:21:12","","","","0"
"2026/01/15 03:15","XRP","Down","0.33","2026/01/15 03:17:23","0.53","2026/01/15 03:15:22","2026/01/15 03:16:02","2026/01/15 03:24:59","2026/01/15 03:16:37","0"
"2026/01/15 03:15","ETH","Up","0.42","2026/01/15 03:18:48","0.92","2026/01/15 03:24:29","","","","0"
"2026/01/15 03:15","ETH","Down","0.36","2026/01/15 03:17:03","0.59","2026/01/15 03:18:47","2026/01/15 03:16:56","2026/01/15 03:24:59","2026/01/15 03:17:41","0"
"2026/01/15 03:15","SOL","Up","0.4","2026/01/15 03:18:53","0.85","2026/01/15 03:21:09","2026/01/15 03:18:53","2026/01/15 03:18:53","2026/01/15 03:19:15","0"
"2026/01/15 03:15","SOL","Down","0.41","2026/01/15 03:17:05","0.63","2026/01/15 03:18:46","2026/01/15 03:20:15","2026/01/15 03:24:59","2026/01/15 03:22:00","0"
"2026/01/15 03:30","BTC","Up","0.12","2026/01/15 03:34:58","0.57","2026/01/15 03:30:10","2026/01/15 03:30:40","2026/01/15 03:39:59","","0"
"2026/01/15 03:30","BTC","Down","0.47","2026/01/15 03:30:10","0.99","2026/01/15 03:37:39","","","","0"
"2026/01/15 03:30","ETH","Up","0.08","2026/01/15 03:34:25","0.64","2026/01/15 03:30:10","2026/01/15 03:30:33","2026/01/15 03:39:59","","0"
"2026/01/15 03:30","ETH","Down","0.45","2026/01/15 03:30:11","0.99","2026/01/15 03:36:44","","","","0"
"2026/01/15 03:30","XRP","Up","0.12","2026/01/15 03:34:55","0.64","2026/01/15 03:30:10","2026/01/15 03:30:45","2026/01/15 03:39:59","","0"
"2026/01/15 03:30","XRP","Down","0.45","2026/01/15 03:30:12","0.98","2026/01/15 03:36:44","","","","0"
"2026/01/15 03:30","SOL","Up","0.11","2026/01/15 03:34:54","0.54","2026/01/15 03:30:07","2026/01/15 03:30:41","2026/01/15 03:39:59","","0"
"2026/01/15 03:30","SOL","Down","0.47","2026/01/15 03:30:14","0.97","2026/01/15 03:37:21","","","","0"
"2026/01/15 03:45","BTC","Up","0.43","2026/01/15 03:45:19","0.84","2026/01/15 03:53:26","2026/01/15 03:53:38","2026/01/15 03:54:59","","0"
"2026/01/15 03:45","BTC","Down","0.37","2026/01/15 03:47:31","0.78","2026/01/15 03:53:38","2026/01/15 03:47:24","2026/01/15 03:53:38","2026/01/15 03:47:51","0"
"2026/01/15 03:45","ETH","Up","0.46","2026/01/15 03:45:05","0.87","2026/01/15 03:53:27","2026/01/15 03:53:38","2026/01/15 03:54:59","","0"
"2026/01/15 03:45","ETH","Down","0.4","2026/01/15 03:47:40","0.72","2026/01/15 03:54:56","2026/01/15 03:47:40","2026/01/15 03:53:38","2026/01/15 03:47:52","0"
"2026/01/15 03:45","SOL","Up","0.39","2026/01/15 03:49:48","0.68","2026/01/15 03:53:27","2026/01/15 03:47:04","2026/01/15 03:54:59","2026/01/15 03:47:06","0"
"2026/01/15 03:45","SOL","Down","0.44","2026/01/15 03:40:22","0.89","2026/01/15 03:53:42","","","","0"
"2026/01/15 03:45","XRP","Up","0.41","2026/01/15 03:49:25","0.64","2026/01/15 03:51:41","2026/01/15 03:52:31","2026/01/15 03:54:59","2026/01/15 03:53:10","0"
"2026/01/15 03:45","XRP","Down","0.48","2026/01/15 03:41:05","0.95","2026/01/15 03:54:40","2026/01/15 03:51:33","2026/01/15 03:51:41","2026/01/15 03:51:57","0"
"2026/01/15 04:00","BTC","Up","0.39","2026/01/15 04:01:58","0.998","2026/01/15 04:09:46","2026/01/15 04:01:58","2026/01/15 04:02:24","2026/01/15 04:02:25","0"
"2026/01/15 04:00","BTC","Down","0.34","2026/01/15 04:04:57","0.62","2026/01/15 04:01:58","2026/01/15 04:00:20","2026/01/15 04:09:59","2026/01/15 04:01:00","0"
"2026/01/15 04:00","ETH","Up","0.33","2026/01/15 04:01:27","0.96","2026/01/15 04:09:33","2026/01/15 04:01:13","2026/01/15 04:05:29","2026/01/15 04:02:37","0"
"2026/01/15 04:00","ETH","Down","0.47","2026/01/15 04:00:28","0.69","2026/01/15 04:01:28","2026/01/15 04:06:07","2026/01/15 04:09:59","","0"
"2026/01/15 04:00","SOL","Up","0.33","2026/01/15 04:01:34","0.97","2026/01/15 04:09:26","2026/01/15 04:01:14","2026/01/15 04:05:27","2026/01/15 04:03:05","0"
"2026/01/15 04:00","SOL","Down","0.45","2026/01/15 04:00:18","0.68","2026/01/15 04:01:26","2026/01/15 04:06:12","2026/01/15 04:09:59","","0"
"2026/01/15 04:00","XRP","Up","0.34","2026/01/15 04:01:33","0.99","2026/01/15 04:09:47","2026/01/15 04:01:20","2026/01/15 04:02:24","2026/01/15 04:02:29","0"
"2026/01/15 04:00","XRP","Down","0.4","2026/01/15 04:03:12","0.67","2026/01/15 04:01:33","2026/01/15 04:03:12","2026/01/15 04:09:59","2026/01/15 04:03:42","0"
"2026/01/15 04:15","BTC","Up","0.22","2026/01/15 04:18:01","0.5","2026/01/15 04:03:25","2026/01/15 04:15:47","2026/01/15 04:24:43","2026/01/15 04:24:52","0"
"2026/01/15 04:15","BTC","Down","0.51","2026/01/15 04:03:25","0.79","2026/01/15 04:18:01","","","","0"
"2026/01/15 04:15","ETH","Up","0.21","2026/01/15 04:19:00","0.5","2026/01/15 04:05:21","2026/01/15 04:15:16","2026/01/15 04:24:59","","0"
"2026/01/15 04:15","ETH","Down","0.51","2026/01/15 04:05:21","0.85","2026/01/15 04:24:23","","","","0"
"2026/01/15 04:15","XRP","Up","0.22","2026/01/15 04:18:01","0.51","2026/01/15 04:12:03","2026/01/15 04:15:21","2026/01/15 04:24:57","","0"
"2026/01/15 04:15","XRP","Down","0.5","2026/01/15 04:14:08","0.79","2026/01/15 04:18:01","","","","0"
"2026/01/15 04:15","SOL","Up","0.21","2026/01/15 04:19:02","0.52","2026/01/15 04:13:53","2026/01/15 04:16:31","2026/01/15 04:24:59","2026/01/15 04:20:04","0"
"2026/01/15 04:15","SOL","Down","0.51","2026/01/15 04:10:04","0.87","2026/01/15 04:24:23","","","","0"
"2026/01/15 04:30","ETH","Up","0.49","2026/01/15 04:21:24","0.99","2026/01/15 04:39:21","","","","0"
"2026/01/15 04:30","ETH","Down","0.12","2026/01/15 04:34:07","0.52","2026/01/15 04:20:44","2026/01/15 04:30:33","2026/01/15 04:39:59","2026/01/15 04:31:04","0"
"2026/01/15 04:30","SOL","Up","0.52","2026/01/15 04:21:43","0.99","2026/01/15 04:39:18","","","","0"
"2026/01/15 04:30","SOL","Down","0.11","2026/01/15 04:34:04","0.5","2026/01/15 04:30:04","2026/01/15 04:30:30","2026/01/15 04:39:59","","0"
"2026/01/15 04:30","XRP","Up","0.48","2026/01/15 04:30:04","0.97","2026/01/15 04:39:54","","","","0"
"2026/01/15 04:30","XRP","Down","0.14","2026/01/15 04:34:24","0.53","2026/01/15 04:30:04","2026/01/15 04:30:44","2026/01/15 04:39:59","2026/01/15 04:31:09","0"
"2026/01/15 04:45","BTC","Up","0.25","2026/01/15 04:49:49","0.53","2026/01/15 04:45:43","2026/01/15 04:46:16","2026/01/15 04:54:59","2026/01/15 04:47:41","0"
"2026/01/15 04:45","BTC","Down","0.49","2026/01/15 04:45:19","0.86","2026/01/15 04:52:06","","","","0"
"2026/01/15 04:45","XRP","Up","0.27","2026/01/15 04:49:46","0.52","2026/01/15 04:40:42","2026/01/15 04:46:03","2026/01/15 04:54:59","2026/01/15 04:47:44","0"
"2026/01/15 04:45","XRP","Down","0.49","2026/01/15 04:40:43","0.91","2026/01/15 04:52:27","","","","0"
"2026/01/15 04:45","SOL","Up","0.28","2026/01/15 04:49:59","0.61","2026/01/15 04:47:46","2026/01/15 04:45:32","2026/01/15 04:54:08","2026/01/15 04:45:53","0"
"2026/01/15 04:45","SOL","Down","0.42","2026/01/15 04:47:53","0.8","2026/01/15 04:52:06","","","","0"
"2026/01/15 04:45","ETH","Up","0.27","2026/01/15 04:49:55","0.55","2026/01/15 04:47:42","2026/01/15 04:46:03","2026/01/15 04:54:09","2026/01/15 04:47:36","0"
"2026/01/15 04:45","ETH","Down","0.46","2026/01/15 04:47:42","0.85","2026/01/15 04:52:24","","","","0"
"2026/01/15 05:00","BTC","Up","0.14","2026/01/15 05:02:57","0.49","2026/01/15 04:50:27","2026/01/15 05:00:02","2026/01/15 05:09:59","","0"
"2026/01/15 05:00","BTC","Down","0.52","2026/01/15 04:50:27","0.91","2026/01/15 05:09:59","","","","0"
"2026/01/15 05:00","ETH","Up","0.26","2026/01/15 05:03:01","0.49","2026/01/15 04:50:42","2026/01/15 05:00:11","2026/01/15 05:09:59","","0"
"2026/01/15 05:00","ETH","Down","0.52","2026/01/15 04:50:42","0.85","2026/01/15 05:09:33","","","","0"
"2026/01/15 05:00","XRP","Up","0.31","2026/01/15 05:01:07","0.53","2026/01/15 05:07:32","2026/01/15 05:00:50","2026/01/15 05:09:59","2026/01/15 05:02:29","0"
"2026/01/15 05:00","XRP","Down","0.49","2026/01/15 04:56:26","0.82","2026/01/15 05:09:33","","","","0"
"2026/01/15 05:00","SOL","Up","0.33","2026/01/15 05:02:14","0.51","2026/01/15 05:04:55","2026/01/15 05:01:01","2026/01/15 05:09:59","2026/01/15 05:01:04","0"
"2026/01/15 05:00","SOL","Down","0.51","2026/01/15 05:04:24","0.88","2026/01/15 05:08:38","","","","0"
"2026/01/15 05:15","BTC","Up","0.38","2026/01/15 05:16:02","0.86","2026/01/15 05:24:30","2026/01/15 05:16:02","2026/01/15 05:16:17","2026/01/15 05:16:40","0"
"2026/01/15 05:15","BTC","Down","0.29","2026/01/15 05:19:29","0.63","2026/01/15 05:16:02","2026/01/15 05:18:02","2026/01/15 05:24:59","2026/01/15 05:19:40","0"
"2026/01/15 05:15","ETH","Up","0.36","2026/01/15 05:16:50","0.9","2026/01/15 05:24:21","2026/01/15 05:16:48","2026/01/15 05:17:04","2026/01/15 05:17:04","0"
"2026/01/15 05:15","ETH","Down","0.28","2026/01/15 05:19:28","0.65","2026/01/15 05:16:48","2026/01/15 05:18:12","2026/01/15 05:24:59","","0"
"2026/01/15 05:15","XRP","Up","0.4","2026/01/15 05:16:21","0.94","2026/01/15 05:24:30","2026/01/15 05:16:21","2026/01/15 05:16:22","2026/01/15 05:17:33","0"
"2026/01/15 05:15","XRP","Down","0.4","2026/01/15 05:19:24","0.62","2026/01/15 05:16:24","2026/01/15 05:19:24","2026/01/15 05:24:59","","0"
"2026/01/15 05:15","SOL","Up","0.39","2026/01/15 05:16:10","0.74","2026/01/15 05:22:54","2026/01/15 05:16:10","2026/01/15 05:17:46","2026/01/15 05:16:32","0"
"2026/01/15 05:15","SOL","Down","0.41","2026/01/15 05:18:28","0.62","2026/01/15 05:16:10","2026/01/15 05:21:23","2026/01/15 05:24:50","","0"
"2026/01/15 05:30","ETH","Up","0.46","2026/01/15 05:30:17","0.93","2026/01/15 05:39:10","","","","0"
"2026/01/15 05:30","ETH","Down","0.2","2026/01/15 05:33:03","0.55","2026/01/15 05:30:16","2026/01/15 05:31:10","2026/01/15 05:39:59","","0"
"2026/01/15 05:30","BTC","Up","0.44","2026/01/15 05:30:05","0.94","2026/01/15 05:39:11","","","","0"
"2026/01/15 05:30","BTC","Down","0.24","2026/01/15 05:31:51","0.57","2026/01/15 05:30:05","2026/01/15 05:31:16","2026/01/15 05:39:59","","0"
"2026/01/15 05:30","XRP","Up","0.43","2026/01/15 05:30:23","0.78","2026/01/15 05:39:08","","","","0"
"2026/01/15 05:30","XRP","Down","0.25","2026/01/15 05:31:52","0.58","2026/01/15 05:30:23","2026/01/15 05:31:15","2026/01/15 05:39:59","2026/01/15 05:38:06","0"
"2026/01/15 05:30","SOL","Up","0.44","2026/01/15 05:30:07","0.92","2026/01/15 05:39:19","","","","0"
"2026/01/15 05:30","SOL","Down","0.24","2026/01/15 05:33:29","0.6","2026/01/15 05:30:05","2026/01/15 05:31:27","2026/01/15 05:39:59","","0"
"2026/01/15 05:45","BTC","Up","0.44","2026/01/15 05:45:09","0.87","2026/01/15 05:51:10","2026/01/15 05:54:49","2026/01/15 05:54:59","","0"
"2026/01/15 05:45","BTC","Down","0.34","2026/01/15 05:49:46","0.77","2026/01/15 05:54:58","2026/01/15 05:48:51","2026/01/15 05:54:40","2026/01/15 05:54:41","0"
"2026/01/15 05:45","ETH","Up","0.47","2026/01/15 05:44:42","0.86","2026/01/15 05:53:18","2026/01/15 05:54:45","2026/01/15 05:54:59","","0"
"2026/01/15 05:45","ETH","Down","0.41","2026/01/15 05:46:16","0.85","2026/01/15 05:54:55","2026/01/15 05:50:17","2026/01/15 05:54:40","2026/01/15 05:54:43","0"
"2026/01/15 05:45","XRP","Up","0.27","2026/01/15 05:49:30","0.55","2026/01/15 05:46:08","2026/01/15 05:45:13","2026/01/15 05:54:59","2026/01/15 05:45:21","0"
"2026/01/15 05:45","XRP","Down","0.46","2026/01/15 05:46:10","0.97","2026/01/15 05:54:58","","","","0"
"2026/01/15 05:45","SOL","Up","0.35","2026/01/15 05:49:58","0.63","2026/01/15 05:46:15","2026/01/15 05:49:26","2026/01/15 05:54:59","","0"
"2026/01/15 05:45","SOL","Down","0.39","2026/01/15 05:46:15","0.98","2026/01/15 05:54:51","2026/01/15 05:46:15","2026/01/15 05:46:42","2026/01/15 05:46:42","0"
"2026/01/15 06:00","BTC","Up","0.21","2026/01/15 06:04:54","0.57","2026/01/15 06:01:55","2026/01/15 06:00:52","2026/01/15 06:09:59","2026/01/15 06:01:23","0"
"2026/01/15 06:00","BTC","Down","0.45","2026/01/15 06:01:55","0.97","2026/01/15 06:09:41","","","","0"
"2026/01/15 06:00","ETH","Up","0.27","2026/01/15 06:04:47","0.58","2026/01/15 06:01:51","2026/01/15 06:00:58","2026/01/15 06:09:59","2026/01/15 06:01:18","0"
"2026/01/15 06:00","ETH","Down","0.43","2026/01/15 06:01:51","0.96","2026/01/15 06:09:57","","","","0"
"2026/01/15 06:00","SOL","Up","0.33","2026/01/15 06:03:35","0.82","2026/01/15 06:08:49","2026/01/15 06:00:48","2026/01/15 06:06:27","2026/01/15 06:02:35","0"
"2026/01/15 06:00","SOL","Down","0.47","2026/01/15 05:59:07","0.7","2026/01/15 06:03:35","2026/01/15 06:08:04","2026/01/15 06:09:59","","0"
"2026/01/15 06:00","XRP","Up","0.21","2026/01/15 06:04:41","0.57","2026/01/15 05:59:12","2026/01/15 06:01:07","2026/01/15 06:09:59","2026/01/15 06:01:17","0"
"2026/01/15 06:00","XRP","Down","0.47","2026/01/15 05:59:23","0.91","2026/01/15 06:07:26","","","","0"
"2026/01/15 06:15","SOL","Up","0.41","2026/01/15 06:19:58","0.66","2026/01/15 06:21:14","2026/01/15 06:20:31","2026/01/15 06:24:59","2026/01/15 06:20:57","0"
"2026/01/15 06:15","SOL","Down","0.46","2026/01/15 06:15:02","0.7","2026/01/15 06:24:31","2026/01/15 06:20:57","2026/01/15 06:21:34","2026/01/15 06:21:36","0"
"2026/01/15 06:15","XRP","Up","0.52","2026/01/15 06:01:19","0.77","2026/01/15 06:20:57","","","","0"
"2026/01/15 06:15","XRP","Down","0.36","2026/01/15 06:19:44","0.56","2026/01/15 06:22:11","2026/01/15 06:17:47","2026/01/15 06:24:59","2026/01/15 06:17:54","0"
"2026/01/15 06:15","ETH","Up","0.49","2026/01/15 06:02:43","0.88","2026/01/15 06:24:25","","","","0"
"2026/01/15 06:15","ETH","Down","0.28","2026/01/15 06:18:54","0.52","2026/01/15 06:02:43","2026/01/15 06:15:26","2026/01/15 06:24:59","","0"
"2026/01/15 06:15","BTC","Up","0.51","2026/01/15 06:01:55","0.94","2026/01/15 06:22:50","","","","0"
"2026/01/15 06:15","BTC","Down","0.28","2026/01/15 06:18:54","0.5","2026/01/15 06:01:55","2026/01/15 06:15:38","2026/01/15 06:24:59","2026/01/15 06:17:15","0"
"2026/01/15 06:30","SOL","Up","0.11","2026/01/15 06:34:46","0.6","2026/01/15 06:31:15","2026/01/15 06:33:26","2026/01/15 06:39:59","","0"
"2026/01/15 06:30","SOL","Down","0.41","2026/01/15 06:31:15","0.99","2026/01/15 06:39:59","","","","0"
"2026/01/15 06:30","BTC","Up","0.12","2026/01/15 06:34:50","0.67","2026/01/15 06:30:07","2026/01/15 06:33:36","2026/01/15 06:39:59","","0"
"2026/01/15 06:30","BTC","Down","0.36","2026/01/15 06:31:08","0.98","2026/01/15 06:39:48","2026/01/15 06:31:07","2026/01/15 06:31:15","2026/01/15 06:31:20","0"
"2026/01/15 06:30","XRP","Up","0.16","2026/01/15 06:34:47","0.62","2026/01/15 06:31:08","2026/01/15 06:33:55","2026/01/15 06:39:59","","0"
"2026/01/15 06:30","XRP","Down","0.39","2026/01/15 06:31:08","0.96","2026/01/15 06:39:57","2026/01/15 06:31:08","2026/01/15 06:31:20","2026/01/15 06:31:40","0"
"2026/01/15 06:30","ETH","Up","0.17","2026/01/15 06:34:54","0.61","2026/01/15 06:30:12","2026/01/15 06:33:26","2026/01/15 06:39:59","","0"
"2026/01/15 06:30","ETH","Down","0.41","2026/01/15 06:30:08","0.98","2026/01/15 06:39:52","","","","0"
"2026/01/15 06:45","SOL","Up","0.52","2026/01/15 06:45:08","0.92","2026/01/15 06:50:47","","","","0"
"2026/01/15 06:45","SOL","Down","0.18","2026/01/15 06:49:19","0.51","2026/01/15 06:34:19","2026/01/15 06:46:36","2026/01/15 06:54:59","","0"
"2026/01/15 06:45","BTC","Up","0.52","2026/01/15 06:33:39","0.94","2026/01/15 06:49:18","","","","0"
"2026/01/15 06:45","BTC","Down","0.07","2026/01/15 06:49:18","0.55","2026/01/15 06:54:58","2026/01/15 06:46:21","2026/01/15 06:54:09","2026/01/15 06:54:11","0"
"2026/01/15 06:45","XRP","Up","0.54","2026/01/15 06:33:56","0.95","2026/01/15 06:50:34","","","","0"
"2026/01/15 06:45","XRP","Down","0.09","2026/01/15 06:49:24","0.47","2026/01/15 06:33:56","2026/01/15 06:45:54","2026/01/15 06:54:59","","0"
"2026/01/15 06:45","ETH","Up","0.53","2026/01/15 06:34:28","0.92","2026/01/15 06:52:04","","","","0"
"2026/01/15 06:45","ETH","Down","0.17","2026/01/15 06:49:23","0.49","2026/01/15 06:34:28","2026/01/15 06:45:48","2026/01/15 06:54:56","2026/01/15 06:54:56","0"
"2026/01/15 07:00","BTC","Up","0.51","2026/01/15 06:50:46","0.98","2026/01/15 07:09:37","","","","0"
"2026/01/15 07:00","BTC","Down","0.15","2026/01/15 07:04:43","0.5","2026/01/15 06:50:46","2026/01/15 07:00:18","2026/01/15 07:09:59","","0"
"2026/01/15 07:00","SOL","Up","0.46","2026/01/15 07:00:42","0.98","2026/01/15 07:09:25","","","","0"
"2026/01/15 07:00","SOL","Down","0.12","2026/01/15 07:03:02","0.55","2026/01/15 07:00:38","2026/01/15 07:01:14","2026/01/15 07:09:59","","0"
"2026/01/15 07:00","ETH","Up","0.53","2026/01/15 06:45:34","0.99","2026/01/15 07:09:27","","","","0"
"2026/01/15 07:00","ETH","Down","0.12","2026/01/15 07:03:03","0.48","2026/01/15 06:45:34","2026/01/15 07:01:06","2026/01/15 07:09:59","","0"
"2026/01/15 07:00","XRP","Up","0.53","2026/01/15 06:46:10","0.96","2026/01/15 07:09:59","","","","0"
"2026/01/15 07:00","XRP","Down","0.11","2026/01/15 07:02:58","0.49","2026/01/15 06:48:05","2026/01/15 07:00:51","2026/01/15 07:09:59","","0"
"2026/01/15 07:15","BTC","Up","0.38","2026/01/15 07:19:47","0.8","2026/01/15 07:16:46","2026/01/15 07:19:42","2026/01/15 07:24:59","","0"
"2026/01/15 07:15","BTC","Down","0.22","2026/01/15 07:16:46","0.93","2026/01/15 07:24:44","2026/01/15 07:15:28","2026/01/15 07:17:33","2026/01/15 07:17:50","0"
"2026/01/15 07:15","ETH","Up","0.4","2026/01/15 07:19:39","0.79","2026/01/15 07:16:46","2026/01/15 07:19:39","2026/01/15 07:24:59","","0"
"2026/01/15 07:15","ETH","Down","0.22","2026/01/15 07:16:46","0.93","2026/01/15 07:24:43","2026/01/15 07:15:31","2026/01/15 07:17:28","2026/01/15 07:17:53","0"
"2026/01/15 07:15","SOL","Up","0.44","2026/01/15 07:19:46","0.82","2026/01/15 07:16:46","2026/01/15 07:20:09","2026/01/15 07:24:59","2026/01/15 07:22:11","0"
"2026/01/15 07:15","SOL","Down","0.19","2026/01/15 07:16:46","0.91","2026/01/15 07:24:52","2026/01/15 07:15:41","2026/01/15 07:19:13","2026/01/15 07:19:17","0"
"2026/01/15 07:15","XRP","Up","0.33","2026/01/15 07:19:54","0.77","2026/01/15 07:16:47","2026/01/15 07:19:29","2026/01/15 07:24:59","","0"
"2026/01/15 07:15","XRP","Down","0.25","2026/01/15 07:16:47","0.97","2026/01/15 07:24:53","2026/01/15 07:15:34","2026/01/15 07:17:47","2026/01/15 07:17:48","0"
"2026/01/15 07:30","XRP","Up","0.35","2026/01/15 07:33:06","0.9","2026/01/15 07:38:50","2026/01/15 07:32:46","2026/01/15 07:33:13","2026/01/15 07:33:15","0"
"2026/01/15 07:30","XRP","Down","0.44","2026/01/15 07:31:15","0.68","2026/01/15 07:33:06","2026/01/15 07:35:58","2026/01/15 07:39:59","","0"
"2026/01/15 07:30","BTC","Up","0.29","2026/01/15 07:32:44","0.89","2026/01/15 07:38:46","2026/01/15 07:32:38","2026/01/15 07:35:27","2026/01/15 07:35:29","0"
"2026/01/15 07:30","BTC","Down","0.41","2026/01/15 07:31:13","0.72","2026/01/15 07:32:43","2026/01/15 07:35:54","2026/01/15 07:39:59","2026/01/15 07:37:31","0"
"2026/01/15 07:30","ETH","Up","0.28","2026/01/15 07:33:06","0.55","2026/01/15 07:30:00","2026/01/15 07:30:45","2026/01/15 07:38:38","2026/01/15 07:31:09","0"
"2026/01/15 07:30","ETH","Down","0.46","2026/01/15 07:30:02","0.77","2026/01/15 07:37:18","","","","0"
"2026/01/15 07:30","SOL","Up","0.25","2026/01/15 07:32:48","0.78","2026/01/15 07:38:50","2026/01/15 07:31:31","2026/01/15 07:35:21","2026/01/15 07:35:26","0"
"2026/01/15 07:30","SOL","Down","0.47","2026/01/15 07:30:03","0.76","2026/01/15 07:32:45","2026/01/15 07:38:23","2026/01/15 07:39:59","","0"
"2026/01/15 07:45","BTC","Up","0.36","2026/01/15 07:45:28","0.69","2026/01/15 07:53:07","2026/01/15 07:45:25","2026/01/15 07:54:59","2026/01/15 07:46:23","0"
"2026/01/15 07:45","BTC","Down","0.41","2026/01/15 07:49:43","0.7","2026/01/15 07:54:04","2026/01/15 07:52:58","2026/01/15 07:53:15","2026/01/15 07:53:15","0"
"2026/01/15 07:45","ETH","Up","0.5","2026/01/15 07:45:47","0.87","2026/01/15 07:54:58","","","","0"
"2026/01/15 07:45","ETH","Down","0.31","2026/01/15 07:49:43","0.51","2026/01/15 07:30:23","2026/01/15 07:46:34","2026/01/15 07:54:59","2026/01/15 07:46:59","0"
"2026/01/15 07:45","SOL","Up","0.46","2026/01/15 07:45:06","0.98","2026/01/15 07:54:42","","","","0"
"2026/01/15 07:45","SOL","Down","0.23","2026/01/15 07:49:42","0.56","2026/01/15 07:45:06","2026/01/15 07:47:19","2026/01/15 07:54:59","","0"
"2026/01/15 07:45","XRP","Up","0.47","2026/01/15 07:45:56","0.96","2026/01/15 07:52:32","","","","0"
"2026/01/15 07:45","XRP","Down","0.3","2026/01/15 07:49:40","0.63","2026/01/15 07:45:52","2026/01/15 07:48:05","2026/01/15 07:54:59","2026/01/15 07:48:50","0"
"2026/01/15 08:00","BTC","Up","0.1","2026/01/15 08:04:35","0.54","2026/01/15 07:59:11","2026/01/15 08:01:08","2026/01/15 08:09:59","","0"
"2026/01/15 08:00","BTC","Down","0.47","2026/01/15 07:59:22","0.94","2026/01/15 08:07:00","","","","0"
"2026/01/15 08:00","ETH","Up","0.1","2026/01/15 08:04:56","0.59","2026/01/15 08:00:38","2026/01/15 08:00:58","2026/01/15 08:09:59","","0"
"2026/01/15 08:00","ETH","Down","0.42","2026/01/15 08:00:38","0.99","2026/01/15 08:09:59","","","","0"
"2026/01/15 08:00","SOL","Up","0.06","2026/01/15 08:04:59","0.51","2026/01/15 08:00:22","2026/01/15 08:00:53","2026/01/15 08:09:59","","0"
"2026/01/15 08:00","SOL","Down","0.5","2026/01/15 08:00:23","0.99","2026/01/15 08:07:00","","","","0"
"2026/01/15 08:00","XRP","Up","0.26","2026/01/15 08:04:57","0.86","2026/01/15 08:09:59","2026/01/15 08:02:14","2026/01/15 08:07:21","2026/01/15 08:02:17","0"
"2026/01/15 08:00","XRP","Down","0.48","2026/01/15 08:00:41","0.8","2026/01/15 08:05:07","2026/01/15 08:08:04","2026/01/15 08:09:59","2026/01/15 08:08:54","0"
"2026/01/15 08:15","BTC","Up","0.11","2026/01/15 08:19:42","0.54","2026/01/15 08:12:08","2026/01/15 08:16:31","2026/01/15 08:24:59","","0"
"2026/01/15 08:15","BTC","Down","0.47","2026/01/15 08:12:08","0.97","2026/01/15 08:23:01","","","","0"
"2026/01/15 08:15","ETH","Up","0.1","2026/01/15 08:19:53","0.55","2026/01/15 08:14:41","2026/01/15 08:16:38","2026/01/15 08:24:59","2026/01/15 08:16:59","0"
"2026/01/15 08:15","ETH","Down","0.46","2026/01/15 08:14:41","0.97","2026/01/15 08:22:20","","","","0"
"2026/01/15 08:15","SOL","Up","0.07","2026/01/15 08:19:53","0.54","2026/01/15 08:13:12","2026/01/15 08:18:18","2026/01/15 08:24:59","2026/01/15 08:18:30","0"
"2026/01/15 08:15","SOL","Down","0.48","2026/01/15 08:13:12","0.98","2026/01/15 08:22:49","","","","0"
"2026/01/15 08:30","BTC","Up","0.2","2026/01/15 08:34:44","0.6","2026/01/15 08:30:02","2026/01/15 08:32:27","2026/01/15 08:39:59","","0"
"2026/01/15 08:30","BTC","Down","0.41","2026/01/15 08:30:09","0.97","2026/01/15 08:39:38","","","","0"
"2026/01/15 08:30","ETH","Up","0.21","2026/01/15 08:34:34","0.6","2026/01/15 08:30:11","2026/01/15 08:32:35","2026/01/15 08:39:59","","0"
"2026/01/15 08:30","ETH","Down","0.41","2026/01/15 08:30:27","0.99","2026/01/15 08:38:17","","","","0"
"2026/01/15 08:30","XRP","Up","0.2","2026/01/15 08:34:56","0.57","2026/01/15 08:30:11","2026/01/15 08:32:27","2026/01/15 08:39:59","","0"
"2026/01/15 08:30","XRP","Down","0.47","2026/01/15 08:30:11","0.95","2026/01/15 08:38:11","","","","0"
"2026/01/15 08:30","SOL","Up","0.29","2026/01/15 08:34:44","0.62","2026/01/15 08:30:09","2026/01/15 08:32:48","2026/01/15 08:39:59","","0"
"2026/01/15 08:30","SOL","Down","0.42","2026/01/15 08:30:10","0.97","2026/01/15 08:38:07","","","","0"
"2026/01/15 08:45","ETH","Up","0.28","2026/01/15 08:48:09","0.63","2026/01/15 08:45:24","2026/01/15 08:47:01","2026/01/15 08:54:59","2026/01/15 08:47:22","0"
"2026/01/15 08:45","ETH","Down","0.38","2026/01/15 08:45:24","0.86","2026/01/15 08:54:12","2026/01/15 08:45:22","2026/01/15 08:46:43","2026/01/15 08:45:38","0"
"2026/01/15 08:45","BTC","Up","0.29","2026/01/15 08:47:55","0.74","2026/01/15 08:46:37","2026/01/15 08:47:54","2026/01/15 08:54:59","2026/01/15 08:48:15","0"
"2026/01/15 08:45","BTC","Down","0.27","2026/01/15 08:46:38","0.74","2026/01/15 08:53:01","2026/01/15 08:45:21","2026/01/15 08:47:28","2026/01/15 08:45:38","0"
"2026/01/15 08:45","SOL","Up","0.39","2026/01/15 08:47:53","0.81","2026/01/15 08:54:55","2026/01/15 08:47:53","2026/01/15 08:48:02","2026/01/15 08:47:59","0"
"2026/01/15 08:45","SOL","Down","0.29","2026/01/15 08:49:50","0.63","2026/01/15 08:47:53","2026/01/15 08:46:17","2026/01/15 08:54:59","2026/01/15 08:46:59","0"
"2026/01/15 08:45","XRP","Up","0.18","2026/01/15 08:47:52","0.55","2026/01/15 08:45:28","2026/01/15 08:46:45","2026/01/15 08:54:59","","0"
"2026/01/15 08:45","XRP","Down","0.46","2026/01/15 08:45:28","0.86","2026/01/15 08:54:11","","","","0"
"2026/01/15 09:00","ETH","Up","0.54","2026/01/15 08:50:55","0.96","2026/01/15 09:05:41","","","","0"
"2026/01/15 09:00","ETH","Down","0.08","2026/01/15 09:04:43","0.47","2026/01/15 08:48:23","2026/01/15 09:00:07","2026/01/15 09:09:59","","0"
"2026/01/15 09:00","BTC","Up","0.5","2026/01/15 08:59:54","0.97","2026/01/15 09:05:37","","","","0"
"2026/01/15 09:00","BTC","Down","0.09","2026/01/15 09:04:45","0.51","2026/01/15 08:59:54","2026/01/15 09:00:10","2026/01/15 09:09:59","","0"
"2026/01/15 09:00","XRP","Up","0.5","2026/01/15 08:51:47","0.99","2026/01/15 09:08:22","","","","0"
"2026/01/15 09:00","XRP","Down","0.11","2026/01/15 09:04:48","0.51","2026/01/15 08:51:47","2026/01/15 09:01:39","2026/01/15 09:09:59","","0"
"2026/01/15 09:00","SOL","Up","0.5","2026/01/15 08:58:35","0.95","2026/01/15 09:06:18","","","","0"
"2026/01/15 09:00","SOL","Down","0.11","2026/01/15 09:04:49","0.51","2026/01/15 08:55:14","2026/01/15 09:00:10","2026/01/15 09:09:59","","0"
"2026/01/15 09:15","XRP","Up","0.29","2026/01/15 09:19:22","0.55","2026/01/15 09:16:59","2026/01/15 09:18:03","2026/01/15 09:24:59","","0"
"2026/01/15 09:15","XRP","Down","0.49","2026/01/15 09:15:04","0.99","2026/01/15 09:23:33","","","","0"
"2026/01/15 09:15","BTC","Up","0.39","2026/01/15 09:19:29","0.56","2026/01/15 09:15:53","2026/01/15 09:18:40","2026/01/15 09:24:59","2026/01/15 09:18:57","0"
"2026/01/15 09:15","BTC","Down","0.45","2026/01/15 09:15:53","0.97","2026/01/15 09:24:15","","","","0"
"2026/01/15 09:15","ETH","Up","0.49","2026/01/15 09:15:17","0.64","2026/01/15 09:17:46","2026/01/15 09:22:21","2026/01/15 09:24:59","","0"
"2026/01/15 09:15","ETH","Down","0.37","2026/01/15 09:17:47","0.977","2026/01/15 09:24:46","2026/01/15 09:17:01","2026/01/15 09:17:55","2026/01/15 09:18:02","0"
"2026/01/15 09:15","SOL","Up","0.32","2026/01/15 09:19:58","0.55","2026/01/15 09:14:59","2026/01/15 09:18:29","2026/01/15 09:24:59","2026/01/15 09:18:56","0"
"2026/01/15 09:15","SOL","Down","0.48","2026/01/15 09:17:50","0.99","2026/01/15 09:24:48","","","","0"
"2026/01/15 09:30","BTC","Up","0.27","2026/01/15 09:34:24","0.88","2026/01/15 09:39:23","2026/01/15 09:32:41","2026/01/15 09:36:53","2026/01/15 09:37:04","0"
"2026/01/15 09:30","BTC","Down","0.34","2026/01/15 09:31:37","0.8","2026/01/15 09:35:41","2026/01/15 09:31:02","2026/01/15 09:39:59","2026/01/15 09:31:55","0"
"2026/01/15 09:30","ETH","Up","0.18","2026/01/15 09:34:23","0.91","2026/01/15 09:39:19","2026/01/15 09:32:41","2026/01/15 09:37:21","2026/01/15 09:37:45","0"
"2026/01/15 09:30","ETH","Down","0.36","2026/01/15 09:31:25","0.89","2026/01/15 09:35:36","2026/01/15 09:30:55","2026/01/15 09:39:59","2026/01/15 09:32:21","0"
"2026/01/15 09:30","SOL","Up","0.08","2026/01/15 09:32:52","0.55","2026/01/15 09:30:03","2026/01/15 09:30:11","2026/01/15 09:39:59","2026/01/15 09:30:28","0"
"2026/01/15 09:30","SOL","Down","0.48","2026/01/15 09:30:03","0.96","2026/01/15 09:35:41","","","","0"
"2026/01/15 09:45","SOL","Up","0.3","2026/01/15 09:49:28","0.56","2026/01/15 09:54:43","2026/01/15 09:48:08","2026/01/15 09:53:48","2026/01/15 09:48:14","0"
"2026/01/15 09:45","SOL","Down","0.47","2026/01/15 09:43:57","0.87","2026/01/15 09:50:48","","","","0"
"2026/01/15 09:45","ETH","Up","0.31","2026/01/15 09:49:28","0.66","2026/01/15 09:53:53","2026/01/15 09:48:06","2026/01/15 09:53:46","2026/01/15 09:53:46","0"
"2026/01/15 09:45","ETH","Down","0.39","2026/01/15 09:46:43","0.85","2026/01/15 09:52:09","2026/01/15 09:46:43","2026/01/15 09:54:10","2026/01/15 09:46:57","0"
"2026/01/15 09:45","BTC","Up","0.29","2026/01/15 09:49:20","0.72","2026/01/15 09:53:55","2026/01/15 09:48:51","2026/01/15 09:52:37","2026/01/15 09:52:45","0"
"2026/01/15 09:45","BTC","Down","0.4","2026/01/15 09:46:46","0.8","2026/01/15 09:50:43","2026/01/15 09:46:46","2026/01/15 09:54:59","2026/01/15 09:46:57","0"
"2026/01/15 09:45","XRP","Up","0.29","2026/01/15 09:49:21","0.68","2026/01/15 09:46:47","2026/01/15 09:48:08","2026/01/15 09:54:59","","0"
"2026/01/15 09:45","XRP","Down","0.36","2026/01/15 09:46:41","0.91","2026/01/15 09:52:11","2026/01/15 09:46:35","2026/01/15 09:46:57","2026/01/15 09:47:08","0"
"2026/01/15 10:00","ETH","Up","0.48","2026/01/15 10:01:33","0.95","2026/01/15 10:09:59","","","","0"
"2026/01/15 10:00","ETH","Down","0.32","2026/01/15 10:02:49","0.53","2026/01/15 10:01:33","2026/01/15 10:02:01","2026/01/15 10:09:59","","0"
"2026/01/15 10:00","SOL","Up","0.44","2026/01/15 10:00:28","0.92","2026/01/15 10:09:10","","","","0"
"2026/01/15 10:00","SOL","Down","0.32","2026/01/15 10:02:50","0.58","2026/01/15 10:00:03","2026/01/15 10:01:57","2026/01/15 10:09:59","2026/01/15 10:04:46","0"
"2026/01/15 10:00","BTC","Up","0.48","2026/01/15 10:00:27","0.92","2026/01/15 10:09:39","","","","0"
"2026/01/15 10:00","BTC","Down","0.34","2026/01/15 10:02:54","0.53","2026/01/15 10:00:27","2026/01/15 10:01:55","2026/01/15 10:09:59","2026/01/15 10:03:24","0"
"2026/01/15 10:00","XRP","Up","0.44","2026/01/15 10:04:46","0.91","2026/01/15 10:09:06","","","","0"
"2026/01/15 10:00","XRP","Down","0.36","2026/01/15 10:02:52","0.61","2026/01/15 10:05:08","2026/01/15 10:02:14","2026/01/15 10:09:59","2026/01/15 10:03:18","0"
"2026/01/15 10:15","BTC","Up","0.5","2026/01/15 10:09:57","0.92","2026/01/15 10:20:42","","","","0"
"2026/01/15 10:15","BTC","Down","0.1","2026/01/15 10:17:21","0.51","2026/01/15 10:07:34","2026/01/15 10:15:58","2026/01/15 10:24:59","2026/01/15 10:16:33","0"
"2026/01/15 10:15","SOL","Up","0.5","2026/01/15 10:08:19","0.88","2026/01/15 10:17:28","2026/01/15 10:23:47","2026/01/15 10:24:59","","0"
"2026/01/15 10:15","SOL","Down","0.13","2026/01/15 10:17:32","0.76","2026/01/15 10:24:26","2026/01/15 10:17:12","2026/01/15 10:22:53","2026/01/15 10:22:53","0"
"2026/01/15 10:15","ETH","Up","0.47","2026/01/15 10:15:40","0.88","2026/01/15 10:22:17","","","","0"
"2026/01/15 10:15","ETH","Down","0.14","2026/01/15 10:17:29","0.54","2026/01/15 10:15:39","2026/01/15 10:17:09","2026/01/15 10:23:43","2026/01/15 10:23:50","0"
"2026/01/15 10:15","XRP","Up","0.43","2026/01/15 10:16:54","0.88","2026/01/15 10:20:41","2026/01/15 10:24:29","2026/01/15 10:24:32","2026/01/15 10:24:32","0"
"2026/01/15 10:15","XRP","Down","0.15","2026/01/15 10:17:30","0.61","2026/01/15 10:24:29","2026/01/15 10:17:12","2026/01/15 10:23:35","2026/01/15 10:23:39","0"
"2026/01/15 10:30","BTC","Up","0.48","2026/01/15 10:26:28","0.77","2026/01/15 10:32:36","2026/01/15 10:35:35","2026/01/15 10:39:59","","0"
"2026/01/15 10:30","BTC","Down","0.24","2026/01/15 10:32:36","0.98","2026/01/15 10:36:48","2026/01/15 10:31:08","2026/01/15 10:35:01","2026/01/15 10:34:43","0"
"2026/01/15 10:30","ETH","Up","0.53","2026/01/15 10:22:28","0.74","2026/01/15 10:32:32","2026/01/15 10:35:35","2026/01/15 10:39:59","","0"
"2026/01/15 10:30","ETH","Down","0.27","2026/01/15 10:32:32","0.99","2026/01/15 10:38:09","2026/01/15 10:31:15","2026/01/15 10:35:12","2026/01/15 10:35:20","0"
"2026/01/15 10:30","XRP","Up","0.51","2026/01/15 10:30:07","0.83","2026/01/15 10:31:32","2026/01/15 10:35:40","2026/01/15 10:39:59","","0"
"2026/01/15 10:30","XRP","Down","0.18","2026/01/15 10:31:36","0.99","2026/01/15 10:38:03","2026/01/15 10:30:31","2026/01/15 10:35:40","2026/01/15 10:35:40","0"
"2026/01/15 10:30","SOL","Up","0.51","2026/01/15 10:16:54","0.69","2026/01/15 10:32:33","2026/01/15 10:35:37","2026/01/15 10:39:59","","0"
"2026/01/15 10:30","SOL","Down","0.32","2026/01/15 10:32:36","0.96","2026/01/15 10:36:32","2026/01/15 10:31:13","2026/01/15 10:33:41","2026/01/15 10:33:41","0"
"2026/01/15 10:45","BTC","Up","0.14","2026/01/15 10:48:48","0.55","2026/01/15 10:37:23","2026/01/15 10:45:41","2026/01/15 10:54:59","2026/01/15 10:50:38","0"
"2026/01/15 10:45","BTC","Down","0.47","2026/01/15 10:38:53","0.92","2026/01/15 10:54:53","","","","0"
"2026/01/15 10:45","SOL","Up","0.14","2026/01/15 10:48:51","0.56","2026/01/15 10:42:41","2026/01/15 10:45:34","2026/01/15 10:54:59","","0"
"2026/01/15 10:45","SOL","Down","0.45","2026/01/15 10:42:41","0.98","2026/01/15 10:54:07","","","","0"
"2026/01/15 10:45","XRP","Up","0.07","2026/01/15 10:48:47","0.55","2026/01/15 10:45:03","2026/01/15 10:45:46","2026/01/15 10:54:59","","0"
"2026/01/15 10:45","XRP","Down","0.47","2026/01/15 10:44:42","0.99","2026/01/15 10:52:17","","","","0"
"2026/01/15 10:45","ETH","Up","0.14","2026/01/15 10:48:49","0.55","2026/01/15 10:44:04","2026/01/15 10:45:32","2026/01/15 10:54:59","","0"
"2026/01/15 10:45","ETH","Down","0.47","2026/01/15 10:35:56","0.95","2026/01/15 10:54:51","","","","0"
"2026/01/15 11:00","BTC","Up","0.41","2026/01/15 11:04:57","0.72","2026/01/15 11:06:21","2026/01/15 11:05:15","2026/01/15 11:09:59","2026/01/15 11:05:21","0"
"2026/01/15 11:00","BTC","Down","0.42","2026/01/15 11:01:52","0.93","2026/01/15 11:09:38","2026/01/15 11:05:49","2026/01/15 11:06:43","2026/01/15 11:06:43","0"
"2026/01/15 11:00","SOL","Up","0.29","2026/01/15 11:04:58","0.69","2026/01/15 11:06:23","2026/01/15 11:02:35","2026/01/15 11:09:59","2026/01/15 11:05:49","0"
"2026/01/15 11:00","SOL","Down","0.41","2026/01/15 11:01:52","0.78","2026/01/15 11:07:38","2026/01/15 11:06:17","2026/01/15 11:06:48","2026/01/15 11:06:48","0"
"2026/01/15 11:00","XRP","Up","0.41","2026/01/15 11:04:19","0.68","2026/01/15 11:01:18","2026/01/15 11:05:04","2026/01/15 11:09:59","2026/01/15 11:05:33","0"
"2026/01/15 11:00","XRP","Down","0.34","2026/01/15 11:01:18","0.81","2026/01/15 11:08:26","2026/01/15 11:00:54","2026/01/15 11:06:38","2026/01/15 11:02:17","0"
"2026/01/15 11:00","ETH","Up","0.49","2026/01/15 11:04:57","0.73","2026/01/15 11:06:22","2026/01/15 11:06:47","2026/01/15 11:09:59","2026/01/15 11:07:03","0"
"2026/01/15 11:00","ETH","Down","0.32","2026/01/15 11:02:50","0.77","2026/01/15 11:08:47","2026/01/15 11:00:58","2026/01/15 11:06:47","2026/01/15 11:03:26","0"
"2026/01/15 11:15","ETH","Up","0.42","2026/01/15 11:19:43","0.79","2026/01/15 11:17:06","2026/01/15 11:20:14","2026/01/15 11:24:59","","0"
"2026/01/15 11:15","ETH","Down","0.22","2026/01/15 11:17:06","0.89","2026/01/15 11:24:31","2026/01/15 11:16:27","2026/01/15 11:18:36","2026/01/15 11:18:48","0"
"2026/01/15 11:15","BTC","Up","0.43","2026/01/15 11:19:42","0.78","2026/01/15 11:17:11","2026/01/15 11:20:15","2026/01/15 11:24:59","","0"
"2026/01/15 11:15","BTC","Down","0.24","2026/01/15 11:17:12","0.85","2026/01/15 11:24:30","2026/01/15 11:15:42","2026/01/15 11:18:43","2026/01/15 11:15:50","0"
"2026/01/15 11:15","SOL","Up","0.16","2026/01/15 11:19:30","0.64","2026/01/15 11:17:08","2026/01/15 11:18:28","2026/01/15 11:24:59","","0"
"2026/01/15 11:15","SOL","Down","0.37","2026/01/15 11:17:12","0.88","2026/01/15 11:21:01","2026/01/15 11:16:55","2026/01/15 11:17:13","2026/01/15 11:17:18","0"
"2026/01/15 11:15","XRP","Up","0.42","2026/01/15 11:19:50","0.79","2026/01/15 11:17:14","2026/01/15 11:20:16","2026/01/15 11:24:59","","0"
"2026/01/15 11:15","XRP","Down","0.23","2026/01/15 11:17:14","0.98","2026/01/15 11:24:31","2026/01/15 11:15:25","2026/01/15 11:18:36","2026/01/15 11:18:55","0"
"2026/01/15 11:30","BTC","Up","0.5","2026/01/15 11:19:02","0.85","2026/01/15 11:34:11","","","","0"
"2026/01/15 11:30","BTC","Down","0.16","2026/01/15 11:34:14","0.51","2026/01/15 11:19:02","2026/01/15 11:30:26","2026/01/15 11:39:59","","0"
"2026/01/15 11:30","XRP","Up","0.47","2026/01/15 11:32:19","0.8","2026/01/15 11:36:28","","","","0"
"2026/01/15 11:30","XRP","Down","0.29","2026/01/15 11:34:20","0.55","2026/01/15 11:32:19","2026/01/15 11:30:33","2026/01/15 11:39:57","2026/01/15 11:31:15","0"
"2026/01/15 11:30","ETH","Up","0.52","2026/01/15 11:20:39","0.8","2026/01/15 11:34:52","","","","0"
"2026/01/15 11:30","ETH","Down","0.21","2026/01/15 11:34:52","0.51","2026/01/15 11:39:58","2026/01/15 11:30:37","2026/01/15 11:39:30","2026/01/15 11:30:49","0"
"2026/01/15 11:30","SOL","Up","0.51","2026/01/15 11:32:31","0.76","2026/01/15 11:35:06","2026/01/15 11:38:25","2026/01/15 11:39:59","2026/01/15 11:39:13","0"
"2026/01/15 11:30","SOL","Down","0.26","2026/01/15 11:34:53","0.65","2026/01/15 11:39:58","2026/01/15 11:30:39","2026/01/15 11:37:51","2026/01/15 11:31:19","0"
"2026/01/15 11:45","BTC","Up","0.39","2026/01/15 11:45:43","0.77","2026/01/15 11:47:50","2026/01/15 11:45:43","2026/01/15 11:52:38","2026/01/15 11:45:53","0"
"2026/01/15 11:45","BTC","Down","0.25","2026/01/15 11:47:50","0.67","2026/01/15 11:51:50","2026/01/15 11:46:34","2026/01/15 11:54:29","2026/01/15 11:49:01","0"
"2026/01/15 11:45","XRP","Up","0.44","2026/01/15 11:49:31","0.82","2026/01/15 11:54:13","","","","0"
"2026/01/15 11:45","XRP","Down","0.28","2026/01/15 11:47:23","0.58","2026/01/15 11:49:31","2026/01/15 11:46:38","2026/01/15 11:54:59","2026/01/15 11:48:55","0"
"2026/01/15 11:45","SOL","Up","0.34","2026/01/15 11:49:22","0.71","2026/01/15 11:47:46","2026/01/15 11:49:11","2026/01/15 11:54:59","2026/01/15 11:50:14","0"
"2026/01/15 11:45","SOL","Down","0.3","2026/01/15 11:47:46","0.78","2026/01/15 11:51:51","2026/01/15 11:46:51","2026/01/15 11:47:47","2026/01/15 11:47:58","0"
"2026/01/15 12:00","ETH","Up","0.46","2026/01/15 12:01:05","0.96","2026/01/15 12:09:57","","","","0"
"2026/01/15 12:00","ETH","Down","0.15","2026/01/15 12:03:55","0.55","2026/01/15 12:01:04","2026/01/15 12:02:37","2026/01/15 12:09:59","","0"
"2026/01/15 12:00","BTC","Up","0.43","2026/01/15 12:01:25","0.85","2026/01/15 12:05:17","","","","0"
"2026/01/15 12:00","BTC","Down","0.18","2026/01/15 12:03:55","0.58","2026/01/15 12:01:25","2026/01/15 12:02:37","2026/01/15 12:09:59","","0"
"2026/01/15 12:00","SOL","Up","0.34","2026/01/15 12:00:16","0.98","2026/01/15 12:09:57","2026/01/15 12:00:16","2026/01/15 12:00:38","2026/01/15 12:01:16","0"
"2026/01/15 12:00","SOL","Down","0.1","2026/01/15 12:04:39","0.67","2026/01/15 12:00:16","2026/01/15 12:02:15","2026/01/15 12:09:59","","0"
"2026/01/15 12:00","XRP","Up","0.38","2026/01/15 12:00:48","0.97","2026/01/15 12:09:58","2026/01/15 12:00:45","2026/01/15 12:00:53","2026/01/15 12:01:01","0"
"2026/01/15 12:00","XRP","Down","0.11","2026/01/15 12:03:57","0.64","2026/01/15 12:00:18","2026/01/15 12:01:57","2026/01/15 12:09:59","","0"
"2026/01/15 12:15","XRP","Up","0.35","2026/01/15 12:18:23","0.98","2026/01/15 12:24:52","2026/01/15 12:18:23","2026/01/15 12:22:35","2026/01/15 12:19:33","0"
"2026/01/15 12:15","XRP","Down","0.5","2026/01/15 12:17:16","0.67","2026/01/15 12:18:49","2026/01/15 12:24:02","2026/01/15 12:24:59","","0"
"2026/01/15 12:15","BTC","Up","0.33","2026/01/15 12:19:24","0.97","2026/01/15 12:24:26","2026/01/15 12:18:12","2026/01/15 12:19:31","2026/01/15 12:19:31","0"
"2026/01/15 12:15","BTC","Down","0.36","2026/01/15 12:19:31","0.68","2026/01/15 12:19:24","2026/01/15 12:19:31","2026/01/15 12:24:59","2026/01/15 12:20:17","0"
"2026/01/15 12:15","SOL","Up","0.31","2026/01/15 12:18:17","0.97","2026/01/15 12:24:34","2026/01/15 12:15:56","2026/01/15 12:18:54","2026/01/15 12:16:22","0"
"2026/01/15 12:15","SOL","Down","0.38","2026/01/15 12:19:32","0.71","2026/01/15 12:18:23","2026/01/15 12:19:32","2026/01/15 12:24:59","2026/01/15 12:20:08","0"
"2026/01/15 12:15","ETH","Up","0.44","2026/01/15 12:19:22","0.99","2026/01/15 12:24:55","","","","0"
"2026/01/15 12:15","ETH","Down","0.37","2026/01/15 12:17:22","0.58","2026/01/15 12:22:22","2026/01/15 12:16:26","2026/01/15 12:24:59","2026/01/15 12:18:13","0"
"2026/01/15 12:30","BTC","Up","0.34","2026/01/15 12:30:34","0.66","2026/01/15 12:37:42","2026/01/15 12:30:17","2026/01/15 12:39:08","2026/01/15 12:31:44","0"
"2026/01/15 12:30","BTC","Down","0.36","2026/01/15 12:34:29","0.67","2026/01/15 12:30:34","2026/01/15 12:34:06","2026/01/15 12:37:56","2026/01/15 12:35:00","0"
"2026/01/15 12:30","ETH","Up","0.42","2026/01/15 12:30:34","0.79","2026/01/15 12:37:40","","","","0"
"2026/01/15 12:30","ETH","Down","0.29","2026/01/15 12:34:30","0.59","2026/01/15 12:30:32","2026/01/15 12:32:37","2026/01/15 12:39:59","2026/01/15 12:33:00","0"
"2026/01/15 12:30","SOL","Up","0.41","2026/01/15 12:31:17","0.81","2026/01/15 12:39:59","","","","0"
"2026/01/15 12:30","SOL","Down","0.33","2026/01/15 12:34:35","0.6","2026/01/15 12:30:35","2026/01/15 12:32:33","2026/01/15 12:39:59","2026/01/15 12:32:59","0"
"2026/01/15 12:30","XRP","Up","0.42","2026/01/15 12:30:35","0.89","2026/01/15 12:39:32","","","","0"
"2026/01/15 12:30","XRP","Down","0.26","2026/01/15 12:34:37","0.6","2026/01/15 12:30:30","2026/01/15 12:32:21","2026/01/15 12:39:59","","0"
"2026/01/15 12:45","ETH","Up","0.28","2026/01/15 12:47:14","0.74","2026/01/15 12:54:57","2026/01/15 12:46:33","2026/01/15 12:47:57","2026/01/15 12:48:59","0"
"2026/01/15 12:45","ETH","Down","0.42","2026/01/15 12:49:58","0.73","2026/01/15 12:47:13","2026/01/15 12:52:22","2026/01/15 12:54:59","2026/01/15 12:52:38","0"
"2026/01/15 12:45","BTC","Up","0.35","2026/01/15 12:47:23","0.66","2026/01/15 12:54:11","2026/01/15 12:47:12","2026/01/15 12:47:41","2026/01/15 12:47:41","0"
"2026/01/15 12:45","BTC","Down","0.38","2026/01/15 12:49:30","0.66","2026/01/15 12:47:23","2026/01/15 12:49:21","2026/01/15 12:54:59","2026/01/15 12:49:51","0"
"2026/01/15 12:45","SOL","Up","0.26","2026/01/15 12:48:27","0.77","2026/01/15 12:54:50","2026/01/15 12:46:57","2026/01/15 12:53:38","2026/01/15 12:49:22","0"
"2026/01/15 12:45","SOL","Down","0.5","2026/01/15 12:45:17","0.76","2026/01/15 12:48:39","2026/01/15 12:54:04","2026/01/15 12:54:59","","0"
"2026/01/15 12:45","XRP","Up","0.32","2026/01/15 12:47:16","0.72","2026/01/15 12:54:41","2026/01/15 12:47:13","2026/01/15 12:47:40","2026/01/15 12:47:59","0"
"2026/01/15 12:45","XRP","Down","0.36","2026/01/15 12:49:28","0.7","2026/01/15 12:47:16","2026/01/15 12:49:28","2026/01/15 12:54:59","2026/01/15 12:49:39","0"
"2026/01/15 13:00","BTC","Up","0.43","2026/01/15 13:00:19","0.8","2026/01/15 13:03:20","","","","0"
"2026/01/15 13:00","BTC","Down","0.23","2026/01/15 13:03:20","0.58","2026/01/15 13:00:19","2026/01/15 13:02:16","2026/01/15 13:09:59","2026/01/15 13:04:35","0"
"2026/01/15 13:00","SOL","Up","0.38","2026/01/15 13:01:10","0.81","2026/01/15 13:03:01","2026/01/15 13:00:27","2026/01/15 13:04:36","2026/01/15 13:00:34","0"
"2026/01/15 13:00","SOL","Down","0.23","2026/01/15 13:03:04","0.67","2026/01/15 13:00:04","2026/01/15 13:02:28","2026/01/15 13:09:59","2026/01/15 13:04:35","0"
"2026/01/15 13:00","ETH","Up","0.45","2026/01/15 13:00:17","0.9","2026/01/15 13:03:02","","","","0"
"2026/01/15 13:00","ETH","Down","0.12","2026/01/15 13:03:20","0.56","2026/01/15 13:00:16","2026/01/15 13:02:19","2026/01/15 13:09:59","2026/01/15 13:04:36","0"
"2026/01/15 13:00","XRP","Up","0.42","2026/01/15 13:04:38","0.81","2026/01/15 13:03:04","2026/01/15 13:07:25","2026/01/15 13:09:59","2026/01/15 13:09:00","0"
"2026/01/15 13:00","XRP","Down","0.22","2026/01/15 13:03:23","0.76","2026/01/15 13:08:27","2026/01/15 13:02:23","2026/01/15 13:04:38","2026/01/15 13:04:38","0"
"2026/01/15 13:15","SOL","Up","0.47","2026/01/15 13:15:04","0.83","2026/01/15 13:21:11","","","","0"
"2026/01/15 13:15","SOL","Down","0.22","2026/01/15 13:19:48","0.56","2026/01/15 13:23:33","2026/01/15 13:16:01","2026/01/15 13:24:59","2026/01/15 13:16:32","0"
"2026/01/15 13:15","XRP","Up","0.44","2026/01/15 13:15:09","0.76","2026/01/15 13:20:07","2026/01/15 13:23:19","2026/01/15 13:24:59","","0"
"2026/01/15 13:15","XRP","Down","0.34","2026/01/15 13:16:04","0.8","2026/01/15 13:23:33","2026/01/15 13:15:59","2026/01/15 13:20:42","2026/01/15 13:16:33","0"
"2026/01/15 13:15","BTC","Up","0.45","2026/01/15 13:15:16","0.9","2026/01/15 13:19:51","","","","0"
"2026/01/15 13:15","BTC","Down","0.11","2026/01/15 13:19:51","0.57","2026/01/15 13:15:24","2026/01/15 13:16:00","2026/01/15 13:24:59","2026/01/15 13:23:32","0"
"2026/01/15 13:30","ETH","Up","0.46","2026/01/15 13:32:07","0.81","2026/01/15 13:39:57","2026/01/15 13:36:10","2026/01/15 13:37:31","2026/01/15 13:37:41","0"
"2026/01/15 13:30","ETH","Down","0.39","2026/01/15 13:30:23","0.67","2026/01/15 13:36:24","2026/01/15 13:30:22","2026/01/15 13:39:59","2026/01/15 13:30:29","0"
"2026/01/15 13:30","BTC","Up","0.48","2026/01/15 13:20:30","0.88","2026/01/15 13:39:48","","","","0"
"2026/01/15 13:30","BTC","Down","0.26","2026/01/15 13:33:32","0.53","2026/01/15 13:20:26","2026/01/15 13:30:21","2026/01/15 13:39:59","2026/01/15 13:36:11","0"
"2026/01/15 13:30","SOL","Up","0.43","2026/01/15 13:34:02","0.74","2026/01/15 13:39:47","2026/01/15 13:36:15","2026/01/15 13:37:43","2026/01/15 13:38:00","0"
"2026/01/15 13:30","SOL","Down","0.33","2026/01/15 13:30:23","0.75","2026/01/15 13:37:01","2026/01/15 13:30:21","2026/01/15 13:39:59","2026/01/15 13:30:28","0"
"2026/01/15 13:30","XRP","Up","0.5","2026/01/15 13:28:03","0.96","2026/01/15 13:39:22","","","","0"
"2026/01/15 13:30","XRP","Down","0.16","2026/01/15 13:33:39","0.51","2026/01/15 13:28:03","2026/01/15 13:30:22","2026/01/15 13:39:59","2026/01/15 13:30:33","0"
"2026/01/15 13:45","BTC","Up","0.34","2026/01/15 13:48:06","0.68","2026/01/15 13:47:15","2026/01/15 13:48:03","2026/01/15 13:53:30","2026/01/15 13:48:19","0"
"2026/01/15 13:45","BTC","Down","0.33","2026/01/15 13:47:16","0.67","2026/01/15 13:48:06","2026/01/15 13:47:13","2026/01/15 13:50:31","2026/01/15 13:47:30","0"
"2026/01/15 13:45","XRP","Up","0.38","2026/01/15 13:48:05","0.7","2026/01/15 13:49:22","2026/01/15 13:48:05","2026/01/15 13:54:59","2026/01/15 13:48:20","0"
"2026/01/15 13:45","XRP","Down","0.33","2026/01/15 13:49:22","0.72","2026/01/15 13:53:10","2026/01/15 13:48:31","2026/01/15 13:51:19","2026/01/15 13:51:54","0"
"2026/01/15 13:45","SOL","Up","0.3","2026/01/15 13:48:06","0.57","2026/01/15 13:47:09","2026/01/15 13:47:52","2026/01/15 13:54:59","2026/01/15 13:48:22","0"
"2026/01/15 13:45","SOL","Down","0.45","2026/01/15 13:47:09","0.93","2026/01/15 13:54:59","","","","0"
"2026/01/15 13:45","ETH","Up","0.49","2026/01/15 13:44:55","0.79","2026/01/15 13:48:41","","","","0"
"2026/01/15 13:45","ETH","Down","0.22","2026/01/15 13:48:41","0.52","2026/01/15 13:43:26","2026/01/15 13:46:26","2026/01/15 13:54:59","2026/01/15 13:48:01","0"
"2026/01/15 14:00","SOL","Up","0.45","2026/01/15 14:00:17","0.77","2026/01/15 14:06:05","2026/01/15 14:09:50","2026/01/15 14:09:59","","0"
"2026/01/15 14:00","SOL","Down","0.29","2026/01/15 14:04:38","0.68","2026/01/15 14:09:54","2026/01/15 14:01:57","2026/01/15 14:09:15","2026/01/15 14:02:42","0"
"2026/01/15 14:00","BTC","Up","0.39","2026/01/15 14:00:23","0.78","2026/01/15 14:05:37","2026/01/15 14:00:19","2026/01/15 14:09:59","2026/01/15 14:00:34","0"
"2026/01/15 14:00","BTC","Down","0.28","2026/01/15 14:04:50","0.77","2026/01/15 14:09:53","2026/01/15 14:04:20","2026/01/15 14:07:18","2026/01/15 14:07:35","0"
"2026/01/15 14:00","ETH","Up","0.39","2026/01/15 14:00:20","0.89","2026/01/15 14:05:47","2026/01/15 14:00:17","2026/01/15 14:00:32","2026/01/15 14:00:35","0"
"2026/01/15 14:00","ETH","Down","0.2","2026/01/15 14:04:56","0.62","2026/01/15 14:00:19","2026/01/15 14:01:48","2026/01/15 14:09:59","2026/01/15 14:03:31","0"
"2026/01/15 14:00","XRP","Up","0.45","2026/01/15 14:00:25","0.79","2026/01/15 14:04:22","","","","0"
"2026/01/15 14:00","XRP","Down","0.22","2026/01/15 14:04:24","0.6","2026/01/15 14:09:28","2026/01/15 14:01:53","2026/01/15 14:08:47","2026/01/15 14:02:42","0"
"2026/01/15 14:15","ETH","Up","0.45","2026/01/15 14:15:44","0.96","2026/01/15 14:24:56","","","","0"
"2026/01/15 14:15","ETH","Down","0.17","2026/01/15 14:16:08","0.58","2026/01/15 14:15:49","2026/01/15 14:16:08","2026/01/15 14:24:59","","0"
"2026/01/15 14:15","BTC","Up","0.46","2026/01/15 14:15:44","0.93","2026/01/15 14:24:58","","","","0"
"2026/01/15 14:15","BTC","Down","0.22","2026/01/15 14:18:18","0.55","2026/01/15 14:15:41","2026/01/15 14:16:04","2026/01/15 14:24:59","","0"
"2026/01/15 14:15","SOL","Up","0.5","2026/01/15 14:12:59","0.89","2026/01/15 14:18:35","","","","0"
"2026/01/15 14:15","SOL","Down","0.13","2026/01/15 14:18:37","0.51","2026/01/15 14:12:59","2026/01/15 14:16:14","2026/01/15 14:24:59","2026/01/15 14:22:49","0"
"2026/01/15 14:15","XRP","Up","0.5","2026/01/15 14:14:14","0.76","2026/01/15 14:24:58","","","","0"
"2026/01/15 14:15","XRP","Down","0.28","2026/01/15 14:18:39","0.58","2026/01/15 14:23:13","2026/01/15 14:16:04","2026/01/15 14:24:59","2026/01/15 14:16:51","0"
"2026/01/15 14:30","BTC","Up","0.15","2026/01/15 14:34:56","0.54","2026/01/15 14:30:41","2026/01/15 14:31:43","2026/01/15 14:39:59","","0"
"2026/01/15 14:30","BTC","Down","0.47","2026/01/15 14:30:41","0.95","2026/01/15 14:38:10","","","","0"
"2026/01/15 14:30","ETH","Up","0.2","2026/01/15 14:34:54","0.51","2026/01/15 14:30:45","2026/01/15 14:32:01","2026/01/15 14:39:59","","0"
"2026/01/15 14:30","ETH","Down","0.5","2026/01/15 14:30:45","0.97","2026/01/15 14:39:41","","","","0"
"2026/01/15 14:30","XRP","Up","0.26","2026/01/15 14:34:57","0.55","2026/01/15 14:30:04","2026/01/15 14:31:50","2026/01/15 14:39:59","2026/01/15 14:33:42","0"
"2026/01/15 14:30","XRP","Down","0.47","2026/01/15 14:29:47","0.98","2026/01/15 14:39:53","","","","0"
"2026/01/15 14:30","SOL","Up","0.25","2026/01/15 14:34:57","0.56","2026/01/15 14:30:48","2026/01/15 14:32:48","2026/01/15 14:39:59","","0"
"2026/01/15 14:30","SOL","Down","0.46","2026/01/15 14:30:41","0.95","2026/01/15 14:37:46","","","","0"
"2026/01/15 14:45","XRP","Up","0.52","2026/01/15 14:45:15","0.88","2026/01/15 14:53:27","","","","0"
"2026/01/15 14:45","XRP","Down","0.25","2026/01/15 14:48:47","0.49","2026/01/15 14:45:13","2026/01/15 14:46:53","2026/01/15 14:54:59","","0"
"2026/01/15 14:45","BTC","Up","0.45","2026/01/15 14:45:51","0.85","2026/01/15 14:51:05","","","","0"
"2026/01/15 14:45","BTC","Down","0.2","2026/01/15 14:48:27","0.56","2026/01/15 14:45:51","2026/01/15 14:47:37","2026/01/15 14:54:59","","0"
"2026/01/15 14:45","SOL","Up","0.52","2026/01/15 14:34:55","0.89","2026/01/15 14:54:21","","","","0"
"2026/01/15 14:45","SOL","Down","0.32","2026/01/15 14:48:41","0.49","2026/01/15 14:34:55","2026/01/15 14:48:26","2026/01/15 14:54:59","2026/01/15 14:49:23","0"
"2026/01/15 14:45","ETH","Up","0.32","2026/01/15 14:46:33","0.87","2026/01/15 14:51:37","2026/01/15 14:46:24","2026/01/15 14:46:44","2026/01/15 14:46:51","0"
"2026/01/15 14:45","ETH","Down","0.3","2026/01/15 14:48:34","0.69","2026/01/15 14:46:33","2026/01/15 14:48:03","2026/01/15 14:54:59","2026/01/15 14:49:08","0"
"2026/01/15 15:00","BTC","Up","0.35","2026/01/15 15:03:10","0.78","2026/01/15 15:06:15","2026/01/15 15:03:03","2026/01/15 15:03:27","2026/01/15 15:03:27","0"
"2026/01/15 15:00","BTC","Down","0.25","2026/01/15 15:04:47","0.66","2026/01/15 15:03:08","2026/01/15 15:01:41","2026/01/15 15:09:59","2026/01/15 15:02:07","0"
"2026/01/15 15:00","ETH","Up","0.43","2026/01/15 15:03:09","0.81","2026/01/15 15:06:15","","","","0"
"2026/01/15 15:00","ETH","Down","0.29","2026/01/15 15:04:44","0.58","2026/01/15 15:03:08","2026/01/15 15:01:32","2026/01/15 15:09:59","2026/01/15 15:02:12","0"
"2026/01/15 15:00","SOL","Up","0.35","2026/01/15 15:03:09","0.8","2026/01/15 15:06:10","2026/01/15 15:03:01","2026/01/15 15:03:47","2026/01/15 15:03:47","0"
"2026/01/15 15:00","SOL","Down","0.27","2026/01/15 15:04:49","0.66","2026/01/15 15:03:06","2026/01/15 15:01:03","2026/01/15 15:09:59","2026/01/15 15:02:08","0"
"2026/01/15 15:00","XRP","Up","0.3","2026/01/15 15:03:14","0.8","2026/01/15 15:06:17","2026/01/15 15:02:57","2026/01/15 15:03:32","2026/01/15 15:03:32","0"
"2026/01/15 15:00","XRP","Down","0.29","2026/01/15 15:04:38","0.71","2026/01/15 15:03:14","2026/01/15 15:04:08","2026/01/15 15:09:59","2026/01/15 15:07:44","0"
"2026/01/15 15:15","XRP","Up","0.49","2026/01/15 15:15:14","0.99","2026/01/15 15:24:33","","","","0"
"2026/01/15 15:15","XRP","Down","0.2","2026/01/15 15:18:58","0.52","2026/01/15 15:14:52","2026/01/15 15:16:35","2026/01/15 15:24:59","2026/01/15 15:16:51","0"
"2026/01/15 15:15","BTC","Up","0.47","2026/01/15 15:15:15","0.99","2026/01/15 15:24:42","","","","0"
"2026/01/15 15:15","BTC","Down","0.15","2026/01/15 15:18:08","0.54","2026/01/15 15:15:14","2026/01/15 15:15:26","2026/01/15 15:24:59","","0"
"2026/01/15 15:15","SOL","Up","0.49","2026/01/15 15:14:52","0.99","2026/01/15 15:23:59","","","","0"
"2026/01/15 15:15","SOL","Down","0.12","2026/01/15 15:18:55","0.52","2026/01/15 15:14:11","2026/01/15 15:15:26","2026/01/15 15:24:59","","0"
"2026/01/15 15:15","ETH","Up","0.46","2026/01/15 15:14:48","0.99","2026/01/15 15:24:30","","","","0"
"2026/01/15 15:15","ETH","Down","0.14","2026/01/15 15:18:15","0.55","2026/01/15 15:14:48","2026/01/15 15:15:37","2026/01/15 15:24:59","2026/01/15 15:15:55","0"
"2026/01/15 15:30","SOL","Up","0.43","2026/01/15 15:30:54","0.72","2026/01/15 15:38:28","2026/01/15 15:36:14","2026/01/15 15:36:36","2026/01/15 15:36:52","0"
"2026/01/15 15:30","SOL","Down","0.33","2026/01/15 15:34:46","0.62","2026/01/15 15:36:21","2026/01/15 15:32:25","2026/01/15 15:39:59","2026/01/15 15:32:41","0"
"2026/01/15 15:30","ETH","Up","0.36","2026/01/15 15:33:48","0.55","2026/01/15 15:39:56","2026/01/15 15:33:20","2026/01/15 15:38:46","2026/01/15 15:38:25","0"
"2026/01/15 15:30","ETH","Down","0.48","2026/01/15 15:31:57","0.81","2026/01/15 15:35:34","","","","0"
"2026/01/15 15:30","XRP","Up","0.4","2026/01/15 15:34:55","0.74","2026/01/15 15:39:47","2026/01/15 15:34:55","2026/01/15 15:38:05","2026/01/15 15:38:21","0"
"2026/01/15 15:30","XRP","Down","0.38","2026/01/15 15:32:26","0.84","2026/01/15 15:36:42","2026/01/15 15:32:19","2026/01/15 15:39:59","2026/01/15 15:32:37","0"
"2026/01/15 15:45","SOL","Up","0.42","2026/01/15 15:49:59","0.78","2026/01/15 15:46:59","2026/01/15 15:50:03","2026/01/15 15:54:59","","0"
"2026/01/15 15:45","SOL","Down","0.24","2026/01/15 15:47:10","0.9","2026/01/15 15:54:54","2026/01/15 15:45:56","2026/01/15 15:47:44","2026/01/15 15:47:50","0"
"2026/01/15 15:45","BTC","Up","0.38","2026/01/15 15:49:58","0.69","2026/01/15 15:46:49","2026/01/15 15:49:47","2026/01/15 15:54:59","","0"
"2026/01/15 15:45","BTC","Down","0.32","2026/01/15 15:46:49","0.83","2026/01/15 15:54:46","2026/01/15 15:46:00","2026/01/15 15:47:44","2026/01/15 15:47:45","0"
"2026/01/15 15:45","ETH","Up","0.44","2026/01/15 15:44:47","0.71","2026/01/15 15:47:05","2026/01/15 15:51:44","2026/01/15 15:54:59","","0"
"2026/01/15 15:45","ETH","Down","0.3","2026/01/15 15:47:14","0.78","2026/01/15 15:54:58","2026/01/15 15:46:36","2026/01/15 15:49:25","2026/01/15 15:48:59","0"
"2026/01/15 15:45","XRP","Up","0.46","2026/01/15 15:44:02","0.68","2026/01/15 15:46:33","2026/01/15 15:50:36","2026/01/15 15:54:59","","0"
"2026/01/15 15:45","XRP","Down","0.33","2026/01/15 15:47:01","0.95","2026/01/15 15:52:30","2026/01/15 15:46:13","2026/01/15 15:48:02","2026/01/15 15:48:04","0"
"2026/01/15 16:00","BTC","Up","0.16","2026/01/15 16:02:19","0.52","2026/01/15 15:59:16","2026/01/15 16:00:33","2026/01/15 16:09:59","","0"
"2026/01/15 16:00","BTC","Down","0.5","2026/01/15 15:56:03","0.88","2026/01/15 16:09:56","","","","0"
"2026/01/15 16:00","SOL","Up","0.34","2026/01/15 16:02:22","0.69","2026/01/15 16:07:11","2026/01/15 16:02:22","2026/01/15 16:09:59","2026/01/15 16:02:40","0"
"2026/01/15 16:00","SOL","Down","0.47","2026/01/15 16:04:28","0.88","2026/01/15 16:09:10","2026/01/15 16:06:22","2026/01/15 16:08:47","2026/01/15 16:08:48","0"
"2026/01/15 16:00","XRP","Up","0.31","2026/01/15 16:02:17","0.72","2026/01/15 16:06:20","2026/01/15 16:01:55","2026/01/15 16:09:59","2026/01/15 16:04:30","0"
"2026/01/15 16:00","XRP","Down","0.48","2026/01/15 15:59:45","0.73","2026/01/15 16:02:20","2026/01/15 16:05:36","2026/01/15 16:07:27","2026/01/15 16:07:38","0"
"2026/01/15 16:00","ETH","Up","0.23","2026/01/15 16:03:59","0.56","2026/01/15 16:08:35","2026/01/15 16:01:38","2026/01/15 16:09:59","2026/01/15 16:06:27","0"
"2026/01/15 16:00","ETH","Down","0.51","2026/01/15 15:45:26","0.85","2026/01/15 16:09:58","","","","0"
"2026/01/15 16:15","BTC","Up","0.36","2026/01/15 16:17:09","0.86","2026/01/15 16:23:06","2026/01/15 16:16:58","2026/01/15 16:20:15","2026/01/15 16:17:23","0"
"2026/01/15 16:15","BTC","Down","0.37","2026/01/15 16:15:33","0.65","2026/01/15 16:17:09","2026/01/15 16:15:20","2026/01/15 16:24:59","2026/01/15 16:15:44","0"
"2026/01/15 16:15","ETH","Up","0.4","2026/01/15 16:18:26","0.9","2026/01/15 16:23:07","2026/01/15 16:18:26","2026/01/15 16:18:53","2026/01/15 16:19:43","0"
"2026/01/15 16:15","ETH","Down","0.39","2026/01/15 16:15:32","0.61","2026/01/15 16:18:25","2026/01/15 16:15:24","2026/01/15 16:24:59","2026/01/15 16:15:45","0"
"2026/01/15 16:15","SOL","Up","0.47","2026/01/15 16:07:04","0.9","2026/01/15 16:22:51","","","","0"
"2026/01/15 16:15","SOL","Down","0.45","2026/01/15 16:15:25","0.55","2026/01/15 16:17:10","2026/01/15 16:21:02","2026/01/15 16:24:59","","0"
"2026/01/15 16:15","XRP","Up","0.45","2026/01/15 16:17:02","0.93","2026/01/15 16:22:54","","","","0"
"2026/01/15 16:15","XRP","Down","0.41","2026/01/15 16:17:50","0.57","2026/01/15 16:16:03","2026/01/15 16:20:06","2026/01/15 16:24:59","","0"
"2026/01/15 16:30","BTC","Up","0.28","2026/01/15 16:34:59","0.73","2026/01/15 16:39:47","2026/01/15 16:32:01","2026/01/15 16:38:14","2026/01/15 16:32:26","0"
"2026/01/15 16:30","BTC","Down","0.45","2026/01/15 16:29:59","0.75","2026/01/15 16:35:10","2026/01/15 16:39:37","2026/01/15 16:39:59","","0"
"2026/01/15 16:30","ETH","Up","0.42","2026/01/15 16:34:59","0.87","2026/01/15 16:39:52","2026/01/15 16:35:03","2026/01/15 16:35:13","2026/01/15 16:35:37","0"
"2026/01/15 16:30","ETH","Down","0.46","2026/01/15 16:29:43","0.64","2026/01/15 16:35:08","2026/01/15 16:37:27","2026/01/15 16:39:59","2026/01/15 16:37:51","0"
"2026/01/15 16:30","SOL","Up","0.38","2026/01/15 16:34:04","0.78","2026/01/15 16:39:37","2026/01/15 16:33:51","2026/01/15 16:34:29","2026/01/15 16:34:36","0"
"2026/01/15 16:30","SOL","Down","0.48","2026/01/15 16:30:34","0.63","2026/01/15 16:34:04","2026/01/15 16:38:16","2026/01/15 16:39:59","","0"
"2026/01/15 16:30","XRP","Up","0.47","2026/01/15 16:33:58","0.9","2026/01/15 16:39:44","","","","0"
"2026/01/15 16:30","XRP","Down","0.44","2026/01/15 16:34:46","0.55","2026/01/15 16:33:58","2026/01/15 16:35:51","2026/01/15 16:39:59","","0"
"2026/01/15 16:45","BTC","Up","0.49","2026/01/15 16:45:49","0.96","2026/01/15 16:53:06","","","","0"
"2026/01/15 16:45","BTC","Down","0.19","2026/01/15 16:49:22","0.52","2026/01/15 16:45:31","2026/01/15 16:46:38","2026/01/15 16:54:59","","0"
"2026/01/15 16:45","ETH","Up","0.47","2026/01/15 16:44:38","0.97","2026/01/15 16:51:06","","","","0"
"2026/01/15 16:45","ETH","Down","0.17","2026/01/15 16:48:33","0.55","2026/01/15 16:45:01","2026/01/15 16:46:40","2026/01/15 16:54:59","","0"
"2026/01/15 16:45","XRP","Up","0.5","2026/01/15 16:45:05","0.94","2026/01/15 16:51:46","","","","0"
"2026/01/15 16:45","XRP","Down","0.29","2026/01/15 16:48:36","0.51","2026/01/15 16:44:45","2026/01/15 16:46:42","2026/01/15 16:54:59","2026/01/15 16:46:49","0"
"2026/01/15 17:00","BTC","Up","0.25","2026/01/15 17:04:30","0.54","2026/01/15 17:09:15","2026/01/15 17:00:52","2026/01/15 17:08:30","2026/01/15 17:08:40","0"
"2026/01/15 17:00","BTC","Down","0.5","2026/01/15 16:45:37","0.8","2026/01/15 17:06:10","","","","0"
"2026/01/15 17:00","SOL","Up","0.18","2026/01/15 17:04:58","0.5","2026/01/15 16:45:37","2026/01/15 17:00:56","2026/01/15 17:09:59","","0"
"2026/01/15 17:00","SOL","Down","0.51","2026/01/15 16:45:37","0.97","2026/01/15 17:08:10","","","","0"
"2026/01/15 17:00","ETH","Up","0.27","2026/01/15 17:04:11","0.49","2026/01/15 16:47:04","2026/01/15 17:00:38","2026/01/15 17:09:51","","0"
"2026/01/15 17:00","ETH","Down","0.52","2026/01/15 16:47:04","0.83","2026/01/15 17:07:30","","","","0"
"2026/01/15 17:00","XRP","Up","0.26","2026/01/15 17:04:24","0.5","2026/01/15 16:51:07","2026/01/15 17:00:57","2026/01/15 17:09:59","","0"
"2026/01/15 17:00","XRP","Down","0.51","2026/01/15 16:51:07","0.95","2026/01/15 17:07:24","","","","0"
"2026/01/15 17:15","BTC","Up","0.4","2026/01/15 17:17:12","0.89","2026/01/15 17:23:14","2026/01/15 17:17:12","2026/01/15 17:17:19","2026/01/15 17:17:30","0"
"2026/01/15 17:15","BTC","Down","0.36","2026/01/15 17:18:01","0.61","2026/01/15 17:17:12","2026/01/15 17:17:42","2026/01/15 17:24:59","2026/01/15 17:18:13","0"
"2026/01/15 17:15","ETH","Up","0.41","2026/01/15 17:17:13","0.97","2026/01/15 17:24:37","","","","0"
"2026/01/15 17:15","ETH","Down","0.31","2026/01/15 17:17:42","0.6","2026/01/15 17:17:12","2026/01/15 17:17:42","2026/01/15 17:24:59","","0"
"2026/01/15 17:15","SOL","Up","0.4","2026/01/15 17:15:37","0.96","2026/01/15 17:22:59","2026/01/15 17:15:37","2026/01/15 17:15:39","2026/01/15 17:15:52","0"
"2026/01/15 17:15","SOL","Down","0.3","2026/01/15 17:17:46","0.61","2026/01/15 17:15:37","2026/01/15 17:17:46","2026/01/15 17:24:59","","0"
"2026/01/15 17:15","XRP","Up","0.4","2026/01/15 17:15:40","0.85","2026/01/15 17:23:37","2026/01/15 17:15:40","2026/01/15 17:15:41","2026/01/15 17:15:52","0"
"2026/01/15 17:15","XRP","Down","0.44","2026/01/15 17:19:56","0.61","2026/01/15 17:15:40","2026/01/15 17:21:12","2026/01/15 17:24:59","","0"
"2026/01/15 17:30","BTC","Up","0.35","2026/01/15 17:32:36","0.98","2026/01/15 17:39:44","2026/01/15 17:32:13","2026/01/15 17:32:54","2026/01/15 17:32:54","0"
"2026/01/15 17:30","BTC","Down","0.29","2026/01/15 17:34:40","0.66","2026/01/15 17:32:37","2026/01/15 17:33:03","2026/01/15 17:39:59","","0"
"2026/01/15 17:30","ETH","Up","0.27","2026/01/15 17:32:35","0.99","2026/01/15 17:39:20","2026/01/15 17:31:43","2026/01/15 17:32:55","2026/01/15 17:33:04","0"
"2026/01/15 17:30","ETH","Down","0.43","2026/01/15 17:34:55","0.74","2026/01/15 17:32:35","2026/01/15 17:35:00","2026/01/15 17:39:59","2026/01/15 17:36:36","0"
"2026/01/15 17:30","SOL","Up","0.41","2026/01/15 17:32:34","0.98","2026/01/15 17:39:04","","","","0"
"2026/01/15 17:30","SOL","Down","0.44","2026/01/15 17:31:37","0.6","2026/01/15 17:29:59","2026/01/15 17:36:45","2026/01/15 17:39:59","","0"
"2026/01/15 17:30","XRP","Up","0.25","2026/01/15 17:32:39","0.97","2026/01/15 17:39:04","2026/01/15 17:31:48","2026/01/15 17:35:27","2026/01/15 17:36:23","0"
"2026/01/15 17:30","XRP","Down","0.51","2026/01/15 17:26:56","0.77","2026/01/15 17:32:39","2026/01/15 17:38:30","2026/01/15 17:39:59","","0"
"2026/01/15 17:45","BTC","Up","0.26","2026/01/15 17:49:56","0.75","2026/01/15 17:54:36","2026/01/15 17:45:54","2026/01/15 17:50:37","2026/01/15 17:46:03","0"
"2026/01/15 17:45","BTC","Down","0.51","2026/01/15 17:33:29","0.78","2026/01/15 17:50:21","2026/01/15 17:51:44","2026/01/15 17:54:59","2026/01/15 17:52:13","0"
"2026/01/15 17:45","ETH","Up","0.21","2026/01/15 17:47:19","0.49","2026/01/15 17:36:21","2026/01/15 17:45:36","2026/01/15 17:54:59","2026/01/15 17:53:51","0"
"2026/01/15 17:45","ETH","Down","0.52","2026/01/15 17:36:21","0.85","2026/01/15 17:50:19","","","","0"
"2026/01/15 17:45","SOL","Up","0.17","2026/01/15 17:49:57","0.59","2026/01/15 17:54:02","2026/01/15 17:46:20","2026/01/15 17:53:28","2026/01/15 17:51:51","0"
"2026/01/15 17:45","SOL","Down","0.51","2026/01/15 17:45:31","0.84","2026/01/15 17:49:57","","","","0"
"2026/01/15 17:45","XRP","Up","0.39","2026/01/15 17:49:57","0.91","2026/01/15 17:54:03","2026/01/15 17:49:57","2026/01/15 17:50:47","2026/01/15 17:50:47","0"
"2026/01/15 17:45","XRP","Down","0.51","2026/01/15 17:45:15","0.63","2026/01/15 17:50:21","2026/01/15 17:50:47","2026/01/15 17:54:59","","0"
"2026/01/15 18:00","BTC","Up","0.19","2026/01/15 18:04:40","0.51","2026/01/15 18:00:29","2026/01/15 18:01:53","2026/01/15 18:09:59","2026/01/15 18:02:00","0"
"2026/01/15 18:00","BTC","Down","0.5","2026/01/15 18:00:30","0.95","2026/01/15 18:09:40","","","","0"
"2026/01/15 18:00","ETH","Up","0.13","2026/01/15 18:04:36","0.52","2026/01/15 18:09:56","2026/01/15 18:01:24","2026/01/15 18:09:54","2026/01/15 18:09:54","0"
"2026/01/15 18:00","ETH","Down","0.51","2026/01/15 18:00:49","0.88","2026/01/15 18:04:36","","","","0"
"2026/01/15 18:00","SOL","Up","0.11","2026/01/15 18:04:40","0.55","2026/01/15 18:00:34","2026/01/15 18:02:19","2026/01/15 18:09:59","","0"
"2026/01/15 18:00","SOL","Down","0.5","2026/01/15 17:58:23","0.95","2026/01/15 18:06:18","","","","0"
"2026/01/15 18:00","XRP","Up","0.42","2026/01/15 18:04:40","0.84","2026/01/15 18:08:25","2026/01/15 18:06:04","2026/01/15 18:09:59","2026/01/15 18:06:40","0"
"2026/01/15 18:00","XRP","Down","0.33","2026/01/15 18:03:02","0.77","2026/01/15 18:09:42","2026/01/15 18:02:51","2026/01/15 18:09:40","2026/01/15 18:02:54","0"
"2026/01/15 18:15","ETH","Up","0.43","2026/01/15 18:19:33","0.99","2026/01/15 18:23:33","","","","0"
"2026/01/15 18:15","ETH","Down","0.31","2026/01/15 18:19:38","0.59","2026/01/15 18:19:33","2026/01/15 18:16:19","2026/01/15 18:24:59","2026/01/15 18:16:52","0"
"2026/01/15 18:15","BTC","Up","0.31","2026/01/15 18:19:13","0.83","2026/01/15 18:24:42","2026/01/15 18:18:06","2026/01/15 18:23:15","2026/01/15 18:20:52","0"
"2026/01/15 18:15","BTC","Down","0.48","2026/01/15 18:13:36","0.71","2026/01/15 18:22:53","2026/01/15 18:23:25","2026/01/15 18:24:59","","0"
"2026/01/15 18:15","SOL","Up","0.38","2026/01/15 18:18:23","0.9","2026/01/15 18:24:10","2026/01/15 18:18:01","2026/01/15 18:18:46","2026/01/15 18:19:38","0"
"2026/01/15 18:15","SOL","Down","0.43","2026/01/15 18:15:38","0.67","2026/01/15 18:18:23","2026/01/15 18:21:25","2026/01/15 18:24:59","","0"
"2026/01/15 18:15","XRP","Up","0.36","2026/01/15 18:19:40","0.9","2026/01/15 18:24:32","2026/01/15 18:19:39","2026/01/15 18:19:52","2026/01/15 18:19:52","0"
"2026/01/15 18:15","XRP","Down","0.4","2026/01/15 18:16:28","0.66","2026/01/15 18:19:39","2026/01/15 18:16:28","2026/01/15 18:24:59","2026/01/15 18:16:40","0"
"2026/01/15 18:30","XRP","Up","0.39","2026/01/15 18:31:02","0.92","2026/01/15 18:35:04","2026/01/15 18:31:00","2026/01/15 18:31:13","2026/01/15 18:31:28","0"
"2026/01/15 18:30","XRP","Down","0.2","2026/01/15 18:34:47","0.62","2026/01/15 18:30:50","2026/01/15 18:33:01","2026/01/15 18:39:59","","0"
"2026/01/15 18:30","SOL","Up","0.46","2026/01/15 18:31:01","0.8","2026/01/15 18:35:06","","","","0"
"2026/01/15 18:30","SOL","Down","0.26","2026/01/15 18:34:58","0.55","2026/01/15 18:31:01","2026/01/15 18:31:43","2026/01/15 18:39:59","2026/01/15 18:32:38","0"
"2026/01/15 18:30","ETH","Up","0.43","2026/01/15 18:31:04","0.84","2026/01/15 18:35:06","","","","0"
"2026/01/15 18:30","ETH","Down","0.21","2026/01/15 18:34:41","0.58","2026/01/15 18:31:04","2026/01/15 18:32:05","2026/01/15 18:39:59","2026/01/15 18:32:18","0"
"2026/01/15 18:45","BTC","Up","0.51","2026/01/15 18:34:53","0.94","2026/01/15 18:54:43","","","","0"
"2026/01/15 18:45","BTC","Down","0.19","2026/01/15 18:48:22","0.5","2026/01/15 18:34:53","2026/01/15 18:47:25","2026/01/15 18:54:59","2026/01/15 18:47:33","0"
"2026/01/15 18:45","XRP","Up","0.49","2026/01/15 18:45:18","0.77","2026/01/15 18:48:19","","","","0"
"2026/01/15 18:45","XRP","Down","0.27","2026/01/15 18:48:21","0.57","2026/01/15 18:50:28","2026/01/15 18:47:15","2026/01/15 18:54:59","2026/01/15 18:49:41","0"
"2026/01/15 18:45","SOL","Up","0.48","2026/01/15 18:46:15","0.8","2026/01/15 18:52:15","","","","0"
"2026/01/15 18:45","SOL","Down","0.37","2026/01/15 18:48:21","0.53","2026/01/15 18:45:19","2026/01/15 18:48:19","2026/01/15 18:54:59","2026/01/15 18:48:48","0"
"2026/01/15 19:00","ETH","Up","0.31","2026/01/15 19:04:54","0.64","2026/01/15 19:04:23","2026/01/15 19:04:31","2026/01/15 19:09:59","","0"
"2026/01/15 19:00","ETH","Down","0.37","2026/01/15 19:04:23","0.94","2026/01/15 19:08:06","2026/01/15 19:03:11","2026/01/15 19:04:31","2026/01/15 19:03:30","0"
"2026/01/15 19:00","BTC","Up","0.42","2026/01/15 19:04:51","0.72","2026/01/15 19:03:15","2026/01/15 19:06:21","2026/01/15 19:09:59","2026/01/15 19:07:17","0"
"2026/01/15 19:00","BTC","Down","0.3","2026/01/15 19:03:17","0.85","2026/01/15 19:08:07","2026/01/15 19:01:42","2026/01/15 19:04:27","2026/01/15 19:04:27","0"
"2026/01/15 19:00","SOL","Up","0.37","2026/01/15 19:00:59","0.82","2026/01/15 19:09:58","2026/01/15 19:00:42","2026/01/15 19:01:19","2026/01/15 19:01:27","0"
"2026/01/15 19:00","SOL","Down","0.23","2026/01/15 19:04:23","0.65","2026/01/15 19:00:57","2026/01/15 19:03:09","2026/01/15 19:09:59","2026/01/15 19:03:39","0"
"2026/01/15 19:00","XRP","Up","0.46","2026/01/15 19:01:11","0.71","2026/01/15 19:03:19","","","","0"
"2026/01/15 19:00","XRP","Down","0.31","2026/01/15 19:03:19","0.63","2026/01/15 19:08:17","2026/01/15 19:01:51","2026/01/15 19:09:59","2026/01/15 19:04:27","0"
"2026/01/15 19:15","ETH","Up","0.39","2026/01/15 19:18:35","0.91","2026/01/15 19:22:45","2026/01/15 19:18:34","2026/01/15 19:18:39","2026/01/15 19:18:45","0"
"2026/01/15 19:15","ETH","Down","0.46","2026/01/15 19:14:41","0.62","2026/01/15 19:18:35","2026/01/15 19:20:18","2026/01/15 19:24:59","","0"
"2026/01/15 19:15","BTC","Up","0.36","2026/01/15 19:18:34","0.9","2026/01/15 19:24:01","2026/01/15 19:18:14","2026/01/15 19:18:49","2026/01/15 19:19:26","0"
"2026/01/15 19:15","BTC","Down","0.47","2026/01/15 19:14:41","0.65","2026/01/15 19:18:33","2026/01/15 19:20:17","2026/01/15 19:24:59","","0"
"2026/01/15 19:15","XRP","Up","0.13","2026/01/15 19:18:38","0.52","2026/01/15 19:11:19","2026/01/15 19:15:35","2026/01/15 19:24:59","","0"
"2026/01/15 19:15","XRP","Down","0.5","2026/01/15 19:11:16","0.94","2026/01/15 19:24:47","","","","0"
"2026/01/15 19:15","SOL","Up","0.41","2026/01/15 19:18:35","0.92","2026/01/15 19:21:20","","","","0"
"2026/01/15 19:15","SOL","Down","0.48","2026/01/15 19:18:51","0.6","2026/01/15 19:16:12","2026/01/15 19:20:18","2026/01/15 19:24:59","","0"
"2026/01/15 19:30","BTC","Up","0.11","2026/01/15 19:34:56","0.7","2026/01/15 19:32:06","2026/01/15 19:33:20","2026/01/15 19:39:59","","0"
"2026/01/15 19:30","BTC","Down","0.31","2026/01/15 19:32:07","0.99","2026/01/15 19:38:45","2026/01/15 19:31:45","2026/01/15 19:32:27","2026/01/15 19:32:27","0"
"2026/01/15 19:30","ETH","Up","0.05","2026/01/15 19:34:58","0.7","2026/01/15 19:32:05","2026/01/15 19:33:13","2026/01/15 19:39:59","","0"
"2026/01/15 19:30","ETH","Down","0.31","2026/01/15 19:32:07","0.99","2026/01/15 19:38:23","2026/01/15 19:31:49","2026/01/15 19:32:34","2026/01/15 19:32:34","0"
"2026/01/15 19:30","SOL","Up","0.05","2026/01/15 19:34:53","0.59","2026/01/15 19:30:22","2026/01/15 19:31:07","2026/01/15 19:39:59","2026/01/15 19:31:28","0"
"2026/01/15 19:30","SOL","Down","0.45","2026/01/15 19:30:22","0.99","2026/01/15 19:39:14","","","","0"
"2026/01/15 19:30","XRP","Up","0.09","2026/01/15 19:34:53","0.64","2026/01/15 19:32:09","2026/01/15 19:31:03","2026/01/15 19:39:59","2026/01/15 19:31:21","0"
"2026/01/15 19:30","XRP","Down","0.4","2026/01/15 19:32:00","0.97","2026/01/15 19:39:58","2026/01/15 19:32:00","2026/01/15 19:32:19","2026/01/15 19:32:19","0"
"2026/01/15 19:45","ETH","Up","0.29","2026/01/15 19:49:43","0.68","2026/01/15 19:47:08","2026/01/15 19:49:14","2026/01/15 19:52:14","2026/01/15 19:50:18","0"
"2026/01/15 19:45","ETH","Down","0.33","2026/01/15 19:47:08","0.72","2026/01/15 19:49:42","2026/01/15 19:45:33","2026/01/15 19:54:44","2026/01/15 19:46:17","0"
"2026/01/15 19:45","BTC","Up","0.16","2026/01/15 19:49:54","0.66","2026/01/15 19:45:37","2026/01/15 19:47:43","2026/01/15 19:54:59","2026/01/15 19:48:00","0"
"2026/01/15 19:45","BTC","Down","0.35","2026/01/15 19:45:38","0.95","2026/01/15 19:54:59","2026/01/15 19:45:20","2026/01/15 19:45:48","2026/01/15 19:45:50","0"
"2026/01/15 19:45","SOL","Up","0.2","2026/01/15 19:49:58","0.62","2026/01/15 19:47:06","2026/01/15 19:49:17","2026/01/15 19:54:59","","0"
"2026/01/15 19:45","SOL","Down","0.41","2026/01/15 19:45:40","0.89","2026/01/15 19:52:06","","","","0"
"2026/01/15 19:45","XRP","Up","0.14","2026/01/15 19:49:59","0.6","2026/01/15 19:45:47","2026/01/15 19:48:33","2026/01/15 19:54:53","2026/01/15 19:52:56","0"
"2026/01/15 19:45","XRP","Down","0.41","2026/01/15 19:45:47","0.88","2026/01/15 19:49:58","","","","0"
"2026/01/15 20:00","BTC","Up","0.31","2026/01/15 20:00:34","0.92","2026/01/15 20:09:23","2026/01/15 20:00:17","2026/01/15 20:02:06","2026/01/15 20:02:13","0"
"2026/01/15 20:00","BTC","Down","0.17","2026/01/15 20:04:47","0.7","2026/01/15 20:00:32","2026/01/15 20:02:30","2026/01/15 20:09:59","","0"
"2026/01/15 20:00","ETH","Up","0.36","2026/01/15 20:00:35","0.93","2026/01/15 20:09:24","2026/01/15 20:00:27","2026/01/15 20:00:38","2026/01/15 20:00:42","0"
"2026/01/15 20:00","ETH","Down","0.15","2026/01/15 20:04:42","0.66","2026/01/15 20:00:34","2026/01/15 20:02:31","2026/01/15 20:09:59","","0"
"2026/01/15 20:00","SOL","Up","0.32","2026/01/15 20:00:34","0.85","2026/01/15 20:09:52","2026/01/15 20:00:15","2026/01/15 20:01:27","2026/01/15 20:01:36","0"
"2026/01/15 20:00","SOL","Down","0.21","2026/01/15 20:04:33","0.69","2026/01/15 20:00:27","2026/01/15 20:02:37","2026/01/15 20:09:59","","0"
"2026/01/15 20:15","BTC","Up","0.2","2026/01/15 20:19:21","0.54","2026/01/15 20:15:07","2026/01/15 20:16:53","2026/01/15 20:24:59","2026/01/15 20:17:44","0"
"2026/01/15 20:15","BTC","Down","0.47","2026/01/15 20:15:07","0.92","2026/01/15 20:24:37","","","","0"
"2026/01/15 20:15","ETH","Up","0.12","2026/01/15 20:19:57","0.53","2026/01/15 20:15:11","2026/01/15 20:16:51","2026/01/15 20:24:59","2026/01/15 20:18:24","0"
"2026/01/15 20:15","ETH","Down","0.48","2026/01/15 20:15:11","0.97","2026/01/15 20:24:05","","","","0"
"2026/01/15 20:15","XRP","Up","0.08","2026/01/15 20:19:54","0.52","2026/01/15 20:09:55","2026/01/15 20:16:52","2026/01/15 20:24:59","","0"
"2026/01/15 20:15","XRP","Down","0.49","2026/01/15 20:09:55","0.95","2026/01/15 20:24:14","","","","0"
"2026/01/15 20:15","SOL","Up","0.06","2026/01/15 20:19:26","0.53","2026/01/15 20:15:28","2026/01/15 20:17:18","2026/01/15 20:24:59","","0"
"2026/01/15 20:15","SOL","Down","0.48","2026/01/15 20:15:34","0.98","2026/01/15 20:24:02","","","","0"
"2026/01/15 20:30","BTC","Up","0.34","2026/01/15 20:33:24","0.7","2026/01/15 20:34:30","2026/01/15 20:33:14","2026/01/15 20:33:40","2026/01/15 20:33:40","0"
"2026/01/15 20:30","BTC","Down","0.31","2026/01/15 20:34:31","0.67","2026/01/15 20:33:23","2026/01/15 20:34:25","2026/01/15 20:39:30","2026/01/15 20:36:04","0"
"2026/01/15 20:30","XRP","Up","0.39","2026/01/15 20:30:51","0.83","2026/01/15 20:39:30","2026/01/15 20:30:46","2026/01/15 20:31:35","2026/01/15 20:31:00","0"
"2026/01/15 20:30","XRP","Down","0.31","2026/01/15 20:34:25","0.64","2026/01/15 20:30:46","2026/01/15 20:32:11","2026/01/15 20:39:59","2026/01/15 20:33:27","0"
"2026/01/15 20:45","ETH","Up","0.46","2026/01/15 20:44:58","0.99","2026/01/15 20:54:26","","","","0"
"2026/01/15 20:45","ETH","Down","0.24","2026/01/15 20:46:28","0.58","2026/01/15 20:52:03","2026/01/15 20:46:06","2026/01/15 20:54:59","2026/01/15 20:47:50","0"
"2026/01/15 20:45","BTC","Up","0.47","2026/01/15 20:44:40","0.99","2026/01/15 20:54:56","","","","0"
"2026/01/15 20:45","BTC","Down","0.29","2026/01/15 20:46:29","0.54","2026/01/15 20:44:37","2026/01/15 20:45:58","2026/01/15 20:54:59","2026/01/15 20:47:05","0"
"2026/01/15 20:45","SOL","Up","0.48","2026/01/15 20:49:57","0.97","2026/01/15 20:53:54","","","","0"
"2026/01/15 20:45","SOL","Down","0.36","2026/01/15 20:46:28","0.54","2026/01/15 20:50:20","2026/01/15 20:46:22","2026/01/15 20:54:59","2026/01/15 20:46:58","0"
"2026/01/15 20:45","XRP","Up","0.5","2026/01/15 20:44:04","0.98","2026/01/15 20:54:53","","","","0"
"2026/01/15 20:45","XRP","Down","0.3","2026/01/15 20:49:49","0.51","2026/01/15 20:44:04","2026/01/15 20:46:14","2026/01/15 20:54:59","","0"
"2026/01/15 21:00","BTC","Up","0.16","2026/01/15 21:04:40","0.51","2026/01/15 21:00:47","2026/01/15 21:03:13","2026/01/15 21:09:59","","0"
"2026/01/15 21:00","BTC","Down","0.5","2026/01/15 21:00:53","0.96","2026/01/15 21:09:03","","","","0"
"2026/01/15 21:00","ETH","Up","0.13","2026/01/15 21:04:39","0.49","2026/01/15 20:48:13","2026/01/15 21:02:21","2026/01/15 21:09:59","","0"
"2026/01/15 21:00","ETH","Down","0.52","2026/01/15 20:48:13","0.96","2026/01/15 21:09:05","","","","0"
"2026/01/15 21:00","SOL","Up","0.16","2026/01/15 21:04:39","0.68","2026/01/15 21:02:34","2026/01/15 21:03:40","2026/01/15 21:09:59","","0"
"2026/01/15 21:00","SOL","Down","0.34","2026/01/15 21:02:37","0.95","2026/01/15 21:08:40","2026/01/15 21:01:38","2026/01/15 21:02:55","2026/01/15 21:02:55","0"
"2026/01/15 21:00","XRP","Up","0.33","2026/01/15 21:04:11","0.51","2026/01/15 21:07:49","2026/01/15 21:02:05","2026/01/15 21:09:59","2026/01/15 21:02:35","0"
"2026/01/15 21:00","XRP","Down","0.51","2026/01/15 20:52:39","0.74","2026/01/15 21:08:50","","","","0"
"2026/01/15 21:15","BTC","Up","0.5","2026/01/15 21:05:27","0.88","2026/01/15 21:18:21","","","","0"
"2026/01/15 21:15","BTC","Down","0.14","2026/01/15 21:18:21","0.51","2026/01/15 21:05:27","2026/01/15 21:15:59","2026/01/15 21:24:59","","0"
"2026/01/15 21:15","ETH","Up","0.47","2026/01/15 21:05:38","0.94","2026/01/15 21:23:25","","","","0"
"2026/01/15 21:15","ETH","Down","0.12","2026/01/15 21:19:54","0.54","2026/01/15 21:05:38","2026/01/15 21:15:47","2026/01/15 21:24:59","","0"
"2026/01/15 21:15","XRP","Up","0.47","2026/01/15 21:16:48","0.97","2026/01/15 21:21:52","","","","0"
"2026/01/15 21:15","XRP","Down","0.08","2026/01/15 21:19:57","0.55","2026/01/15 21:16:39","2026/01/15 21:17:10","2026/01/15 21:24:59","","0"
"2026/01/15 21:15","SOL","Up","0.5","2026/01/15 21:13:14","0.99","2026/01/15 21:24:43","","","","0"
"2026/01/15 21:15","SOL","Down","0.06","2026/01/15 21:19:56","0.52","2026/01/15 21:13:09","2026/01/15 21:15:52","2026/01/15 21:24:59","","0"
"2026/01/15 21:30","BTC","Up","0.05","2026/01/15 21:34:54","0.5","2026/01/15 21:20:45","2026/01/15 21:30:25","2026/01/15 21:39:59","","0"
"2026/01/15 21:30","BTC","Down","0.51","2026/01/15 21:20:45","0.98","2026/01/15 21:38:16","","","","0"
"2026/01/15 21:30","XRP","Up","0.09","2026/01/15 21:34:45","0.55","2026/01/15 21:30:09","2026/01/15 21:30:42","2026/01/15 21:39:59","","0"
"2026/01/15 21:30","XRP","Down","0.5","2026/01/15 21:30:09","0.95","2026/01/15 21:39:46","","","","0"
"2026/01/15 21:30","SOL","Up","0.05","2026/01/15 21:34:52","0.55","2026/01/15 21:30:06","2026/01/15 21:30:25","2026/01/15 21:39:59","","0"
"2026/01/15 21:30","SOL","Down","0.49","2026/01/15 21:30:06","0.99","2026/01/15 21:39:10","","","","0"
"2026/01/15 21:45","ETH","Up","0.47","2026/01/15 21:44:25","0.97","2026/01/15 21:50:25","","","","0"
"2026/01/15 21:45","ETH","Down","0.05","2026/01/15 21:49:59","0.54","2026/01/15 21:44:24","2026/01/15 21:47:15","2026/01/15 21:54:59","","0"
"2026/01/15 21:45","BTC","Up","0.51","2026/01/15 21:33:27","0.97","2026/01/15 21:52:35","","","","0"
"2026/01/15 21:45","BTC","Down","0.09","2026/01/15 21:49:56","0.5","2026/01/15 21:33:27","2026/01/15 21:46:55","2026/01/15 21:54:59","","0"
"2026/01/15 21:45","SOL","Up","0.51","2026/01/15 21:33:29","0.97","2026/01/15 21:54:26","","","","0"
"2026/01/15 21:45","SOL","Down","0.16","2026/01/15 21:49:22","0.5","2026/01/15 21:33:29","2026/01/15 21:45:21","2026/01/15 21:54:59","","0"
"2026/01/15 21:45","XRP","Up","0.5","2026/01/15 21:43:47","0.99","2026/01/15 21:54:49","","","","0"
"2026/01/15 21:45","XRP","Down","0.17","2026/01/15 21:49:51","0.51","2026/01/15 21:43:47","2026/01/15 21:45:16","2026/01/15 21:54:59","","0"
"2026/01/15 22:00","BTC","Up","0.49","2026/01/15 21:51:48","0.98","2026/01/15 22:09:35","","","","0"
"2026/01/15 22:00","BTC","Down","0.16","2026/01/15 22:04:53","0.52","2026/01/15 21:51:33","2026/01/15 22:02:34","2026/01/15 22:09:59","","0"
"2026/01/15 22:00","ETH","Up","0.47","2026/01/15 21:55:18","0.95","2026/01/15 22:09:55","","","","0"
"2026/01/15 22:00","ETH","Down","0.27","2026/01/15 22:04:54","0.55","2026/01/15 22:00:01","2026/01/15 22:02:11","2026/01/15 22:09:59","2026/01/15 22:07:31","0"
"2026/01/15 22:00","SOL","Up","0.47","2026/01/15 22:00:11","0.96","2026/01/15 22:09:58","","","","0"
"2026/01/15 22:00","SOL","Down","0.15","2026/01/15 22:04:52","0.55","2026/01/15 22:00:10","2026/01/15 22:02:47","2026/01/15 22:09:59","","0"
"2026/01/15 22:00","XRP","Up","0.41","2026/01/15 22:00:55","0.79","2026/01/15 22:05:24","","","","0"
"2026/01/15 22:00","XRP","Down","0.33","2026/01/15 22:04:54","0.61","2026/01/15 22:00:58","2026/01/15 22:04:52","2026/01/15 22:09:59","2026/01/15 22:07:15","0"
"2026/01/15 22:15","SOL","Up","0.3","2026/01/15 22:17:36","0.52","2026/01/15 22:15:15","2026/01/15 22:15:56","2026/01/15 22:24:59","2026/01/15 22:16:18","0"
"2026/01/15 22:15","SOL","Down","0.49","2026/01/15 22:15:31","0.97","2026/01/15 22:23:56","","","","0"
"2026/01/15 22:15","XRP","Up","0.39","2026/01/15 22:16:58","0.6","2026/01/15 22:15:15","2026/01/15 22:16:42","2026/01/15 22:24:59","2026/01/15 22:17:09","0"
"2026/01/15 22:15","XRP","Down","0.43","2026/01/15 22:15:35","0.9","2026/01/15 22:24:20","","","","0"
"2026/01/15 22:30","BTC","Up","0.31","2026/01/15 22:34:09","0.58","2026/01/15 22:30:10","2026/01/15 22:33:42","2026/01/15 22:39:59","2026/01/15 22:34:41","0"
"2026/01/15 22:30","BTC","Down","0.43","2026/01/15 22:30:29","0.96","2026/01/15 22:37:54","","","","0"
"2026/01/15 22:30","ETH","Up","0.31","2026/01/15 22:34:11","0.59","2026/01/15 22:32:18","2026/01/15 22:31:04","2026/01/15 22:39:59","2026/01/15 22:31:30","0"
"2026/01/15 22:30","ETH","Down","0.42","2026/01/15 22:32:18","0.99","2026/01/15 22:39:29","","","","0"
"2026/01/15 22:30","SOL","Up","0.24","2026/01/15 22:34:14","0.55","2026/01/15 22:30:10","2026/01/15 22:33:20","2026/01/15 22:39:59","","0"
"2026/01/15 22:30","SOL","Down","0.47","2026/01/15 22:29:41","0.98","2026/01/15 22:37:43","","","","0"
"2026/01/15 22:30","XRP","Up","0.29","2026/01/15 22:34:12","0.56","2026/01/15 22:31:39","2026/01/15 22:33:23","2026/01/15 22:39:59","","0"
"2026/01/15 22:30","XRP","Down","0.46","2026/01/15 22:31:39","0.99","2026/01/15 22:39:30","","","","0"
"2026/01/15 22:45","BTC","Up","0.28","2026/01/15 22:48:54","0.94","2026/01/15 22:51:43","2026/01/15 22:46:51","2026/01/15 22:49:03","2026/01/15 22:49:03","0"
"2026/01/15 22:45","BTC","Down","0.25","2026/01/15 22:49:48","0.73","2026/01/15 22:48:54","2026/01/15 22:45:25","2026/01/15 22:54:59","2026/01/15 22:46:38","0"
"2026/01/15 22:45","ETH","Up","0.27","2026/01/15 22:48:55","0.91","2026/01/15 22:54:45","2026/01/15 22:46:51","2026/01/15 22:49:03","2026/01/15 22:49:03","0"
"2026/01/15 22:45","ETH","Down","0.12","2026/01/15 22:49:47","0.74","2026/01/15 22:48:55","2026/01/15 22:45:02","2026/01/15 22:54:59","2026/01/15 22:45:05","0"
"2026/01/15 22:45","XRP","Up","0.3","2026/01/15 22:48:45","0.84","2026/01/15 22:52:04","2026/01/15 22:46:53","2026/01/15 22:49:05","2026/01/15 22:49:05","0"
"2026/01/15 22:45","XRP","Down","0.2","2026/01/15 22:49:44","0.71","2026/01/15 22:48:28","2026/01/15 22:45:24","2026/01/15 22:54:59","2026/01/15 22:46:35","0"
"2026/01/15 22:45","SOL","Up","0.34","2026/01/15 22:48:55","0.93","2026/01/15 22:54:21","2026/01/15 22:47:00","2026/01/15 22:49:11","2026/01/15 22:47:16","0"
"2026/01/15 22:45","SOL","Down","0.12","2026/01/15 22:49:46","0.68","2026/01/15 22:48:48","2026/01/15 22:45:47","2026/01/15 22:54:59","2026/01/15 22:46:27","0"
"2026/01/15 23:00","BTC","Up","0.48","2026/01/15 22:59:57","0.77","2026/01/15 23:09:57","2026/01/15 23:08:03","2026/01/15 23:09:39","2026/01/15 23:09:39","0"
"2026/01/15 23:00","BTC","Down","0.25","2026/01/15 23:03:58","0.79","2026/01/15 23:09:15","2026/01/15 23:01:24","2026/01/15 23:09:59","2026/01/15 23:07:46","0"
"2026/01/15 23:00","XRP","Up","0.52","2026/01/15 23:00:41","0.86","2026/01/15 23:09:47","2026/01/15 23:09:28","2026/01/15 23:09:30","2026/01/15 23:09:47","0"
"2026/01/15 23:00","XRP","Down","0.35","2026/01/15 23:02:12","0.62","2026/01/15 23:09:28","2026/01/15 23:01:44","2026/01/15 23:09:59","2026/01/15 23:03:37","0"
"2026/01/15 23:00","SOL","Up","0.41","2026/01/15 23:00:50","0.67","2026/01/15 23:04:01","2026/01/15 23:08:02","2026/01/15 23:09:41","2026/01/15 23:09:41","0"
"2026/01/15 23:00","SOL","Down","0.37","2026/01/15 23:02:14","0.77","2026/01/15 23:09:17","2026/01/15 23:02:13","2026/01/15 23:09:59","2026/01/15 23:04:18","0"
"2026/01/15 23:00","ETH","Up","0.51","2026/01/15 22:55:14","0.79","2026/01/15 23:09:44","2026/01/15 23:08:07","2026/01/15 23:09:39","2026/01/15 23:09:39","0"
"2026/01/15 23:00","ETH","Down","0.29","2026/01/15 23:02:22","0.73","2026/01/15 23:08:44","2026/01/15 23:01:23","2026/01/15 23:09:59","2026/01/15 23:06:11","0"
"2026/01/15 23:15","BTC","Up","0.36","2026/01/15 23:17:20","0.74","2026/01/15 23:19:33","2026/01/15 23:16:27","2026/01/15 23:24:59","2026/01/15 23:17:36","0"
"2026/01/15 23:15","BTC","Down","0.27","2026/01/15 23:19:33","0.81","2026/01/15 23:24:37","2026/01/15 23:17:36","2026/01/15 23:20:21","2026/01/15 23:20:25","0"
"2026/01/15 23:15","ETH","Up","0.35","2026/01/15 23:17:20","0.62","2026/01/15 23:19:31","2026/01/15 23:16:40","2026/01/15 23:24:59","2026/01/15 23:17:37","0"
"2026/01/15 23:15","ETH","Down","0.41","2026/01/15 23:18:43","0.91","2026/01/15 23:24:37","","","","0"
"2026/01/15 23:15","XRP","Up","0.44","2026/01/15 23:17:03","0.68","2026/01/15 23:18:28","2026/01/15 23:21:05","2026/01/15 23:24:59","","0"
"2026/01/15 23:15","XRP","Down","0.34","2026/01/15 23:18:28","0.92","2026/01/15 23:24:26","2026/01/15 23:17:47","2026/01/15 23:19:21","2026/01/15 23:19:21","0"
"2026/01/15 23:15","SOL","Up","0.49","2026/01/15 23:16:23","0.77","2026/01/15 23:19:33","2026/01/15 23:23:50","2026/01/15 23:24:59","2026/01/15 23:24:13","0"
"2026/01/15 23:15","SOL","Down","0.25","2026/01/15 23:19:33","0.66","2026/01/15 23:24:31","2026/01/15 23:17:37","2026/01/15 23:23:05","2026/01/15 23:21:51","0"
"2026/01/15 23:30","ETH","Up","0.5","2026/01/15 23:30:39","0.84","2026/01/15 23:36:37","2026/01/15 23:39:05","2026/01/15 23:39:59","2026/01/15 23:39:07","0"
"2026/01/15 23:30","ETH","Down","0.27","2026/01/15 23:34:32","0.8","2026/01/15 23:39:54","2026/01/15 23:31:36","2026/01/15 23:38:33","2026/01/15 23:37:09","0"
"2026/01/15 23:30","SOL","Up","0.44","2026/01/15 23:30:50","0.69","2026/01/15 23:36:41","2026/01/15 23:39:27","2026/01/15 23:39:59","","0"
"2026/01/15 23:30","SOL","Down","0.34","2026/01/15 23:32:08","0.84","2026/01/15 23:39:52","2026/01/15 23:31:35","2026/01/15 23:37:03","2026/01/15 23:33:17","0"
"2026/01/15 23:30","XRP","Up","0.47","2026/01/15 23:30:46","0.76","2026/01/15 23:36:40","2026/01/15 23:37:11","2026/01/15 23:39:59","2026/01/15 23:37:34","0"
"2026/01/15 23:30","XRP","Down","0.35","2026/01/15 23:34:07","0.94","2026/01/15 23:39:53","2026/01/15 23:31:40","2026/01/15 23:37:11","2026/01/15 23:33:20","0"
"2026/01/15 23:45","BTC","Up","0.08","2026/01/15 23:49:45","0.64","2026/01/15 23:46:01","2026/01/15 23:46:59","2026/01/15 23:54:59","","0"
"2026/01/15 23:45","BTC","Down","0.37","2026/01/15 23:46:02","0.93","2026/01/15 23:49:43","2026/01/15 23:45:29","2026/01/15 23:46:55","2026/01/15 23:46:59","0"
"2026/01/15 23:45","SOL","Up","0.12","2026/01/15 23:49:49","0.63","2026/01/15 23:46:01","2026/01/15 23:46:59","2026/01/15 23:54:59","","0"
"2026/01/15 23:45","SOL","Down","0.38","2026/01/15 23:46:01","0.9","2026/01/15 23:49:49","2026/01/15 23:45:36","2026/01/15 23:46:07","2026/01/15 23:46:20","0"
"2026/01/15 23:45","XRP","Up","0.06","2026/01/15 23:49:45","0.64","2026/01/15 23:45:30","2026/01/15 23:46:59","2026/01/15 23:54:59","","0"
"2026/01/15 23:45","XRP","Down","0.39","2026/01/15 23:45:48","0.95","2026/01/15 23:49:40","2026/01/15 23:45:34","2026/01/15 23:45:57","2026/01/15 23:46:23","0"
"2026/01/16 00:00","BTC","Up","0.18","2026/01/16 00:04:52","0.57","2026/01/16 00:01:07","2026/01/16 00:01:19","2026/01/16 00:09:59","","0"
"2026/01/16 00:00","BTC","Down","0.45","2026/01/16 00:00:59","0.95","2026/01/16 00:09:27","","","","0"
"2026/01/16 00:00","XRP","Up","0.23","2026/01/16 00:04:40","0.55","2026/01/15 23:55:55","2026/01/16 00:02:06","2026/01/16 00:09:59","","0"
"2026/01/16 00:00","XRP","Down","0.46","2026/01/15 23:55:55","0.9","2026/01/16 00:09:55","","","","0"
"2026/01/16 00:00","SOL","Up","0.19","2026/01/16 00:04:50","0.57","2026/01/15 23:55:06","2026/01/16 00:01:18","2026/01/16 00:09:59","","0"
"2026/01/16 00:00","SOL","Down","0.44","2026/01/15 23:55:50","0.93","2026/01/16 00:09:56","","","","0"
"2026/01/16 00:00","ETH","Up","0.21","2026/01/16 00:04:54","0.61","2026/01/15 23:58:07","2026/01/16 00:01:29","2026/01/16 00:09:59","","0"
"2026/01/16 00:00","ETH","Down","0.4","2026/01/15 23:58:10","0.95","2026/01/16 00:09:04","2026/01/15 23:58:10","2026/01/15 23:58:41","2026/01/15 23:59:18","0"
"2026/01/16 00:15","BTC","Up","0.44","2026/01/16 00:19:52","0.81","2026/01/16 00:24:04","","","","0"
"2026/01/16 00:15","BTC","Down","0.27","2026/01/16 00:17:51","0.57","2026/01/16 00:19:52","2026/01/16 00:16:36","2026/01/16 00:24:59","2026/01/16 00:18:20","0"
